,FIRE_SIZE,FIRE_SIZE_CLASS,LATITUDE,LONGITUDE,START_DATE,END_DATE,FIPS,DATE,tmax,tmin,tavg,prcp,aws,fmc
0,0.1031578947368421,B,47.3556,-117.4556,20150615,20150917,53063.0,20150911,306.0,106.0,195.0,0.0,1.3594576,92.0
1,0.1031578947368421,B,47.3556,-117.4556,20150615,20150917,53063.0,20150727,228.0,106.0,174.0,0.0,2.8515344,113.0
2,0.1031578947368421,B,47.3556,-117.4556,20150615,20150917,53063.0,20150615,278.0,100.0,198.0,0.0,3.274237,161.5
3,0.1031578947368421,B,47.3556,-117.4556,20150615,20150917,53063.0,20150630,339.0,139.0,249.0,0.0,1.8867961,136.0
4,0.1031578947368421,B,47.3556,-117.4556,20150615,20150917,53063.0,20150718,311.0,167.0,237.0,0.0,0.9192388,123.0
5,0.1031578947368421,B,47.3556,-117.4556,20150615,20150917,53063.0,20150627,389.0,200.0,295.0,0.0,0.5255949000000001,161.5
6,0.1031578947368421,B,47.3556,-117.4556,20150615,20150917,53063.0,20150810,262.0,160.0,204.0,0.0,2.6202338,113.0
7,0.1031578947368421,B,47.3556,-117.4556,20150615,20150917,53063.0,20150826,297.0,178.0,225.0,0.0,3.4341120000000003,92.0
8,0.1,A,47.46,-117.505,20150723,20150724,53063.0,20150724,219.0,101.0,161.0,0.0,2.528463,123.0
9,0.1031578947368421,B,47.3556,-117.4556,20150615,20150917,53063.0,20150913,261.0,133.0,214.0,0.0,4.412624,92.0
10,0.1031578947368421,B,47.3556,-117.4556,20150615,20150917,53063.0,20150618,234.0,149.0,182.0,0.0,1.8251711,161.5
11,0.1031578947368421,B,47.3556,-117.4556,20150615,20150917,53063.0,20150821,239.0,61.0,197.0,0.0,4.5598800000000015,92.0
12,0.1031578947368421,B,47.3556,-117.4556,20150615,20150917,53063.0,20150720,339.0,139.0,257.0,0.0,2.0594294,123.0
13,0.1031578947368421,B,47.3556,-117.4556,20150615,20150917,53063.0,20150729,261.0,130.0,186.0,0.0,1.7016536,113.0
14,0.1,A,47.539,-117.531,20150819,20150819,53063.0,20150819,265.0,151.0,196.0,0.0,4.271197,92.0
15,0.1031578947368421,B,47.3556,-117.4556,20150615,20150917,53063.0,20150817,241.0,136.0,175.0,0.0,1.118034,92.0
16,0.075,A,47.486,-117.5,20150723,20150724,53063.0,20150724,219.0,101.0,161.0,0.0,2.528463,123.0
17,0.1031578947368421,B,47.3556,-117.4556,20150615,20150917,53063.0,20150725,256.0,161.0,220.0,0.0,2.544725,123.0
18,0.1031578947368421,B,47.3556,-117.4556,20150615,20150917,53063.0,20150815,233.0,133.0,192.0,0.0,4.429447,92.0
19,0.1031578947368421,B,47.3556,-117.4556,20150615,20150917,53063.0,20150708,344.0,139.0,249.0,0.0,0.103077635,136.0
20,137.0,D,47.374,-117.61,20150712,20150712,53063.0,20150712,283.0,156.0,207.0,0.0,1.3892444,123.0
21,0.1031578947368421,B,47.3556,-117.4556,20150615,20150917,53063.0,20150909,199.0,105.0,143.0,0.0,1.0262188,92.0
22,0.1031578947368421,B,47.3556,-117.4556,20150615,20150917,53063.0,20150619,196.0,86.0,138.0,0.0,3.9976554,161.5
23,0.1031578947368421,B,47.3556,-117.4556,20150615,20150917,53063.0,20150808,256.0,150.0,192.0,0.0,3.252403,113.0
24,0.1031578947368421,B,47.3556,-117.4556,20150615,20150917,53063.0,20150803,254.0,178.0,220.0,0.0,2.2512496,113.0
25,0.1031578947368421,B,47.3556,-117.4556,20150615,20150917,53063.0,20150825,258.0,143.0,195.0,0.0,1.2311072,92.0
26,0.1031578947368421,B,47.3556,-117.4556,20150615,20150917,53063.0,20150628,400.0,156.0,284.0,0.0,1.328533,136.0
27,0.1031578947368421,B,47.3556,-117.4556,20150615,20150917,53063.0,20150731,378.0,172.0,278.0,0.0,2.1050537,113.0
28,0.1031578947368421,B,47.3556,-117.4556,20150615,20150917,53063.0,20150724,219.0,101.0,161.0,0.0,2.528463,123.0
29,0.1,A,47.46,-117.505,20150723,20150724,53063.0,20150723,294.0,56.0,180.0,0.0,2.209072,123.0
31,0.1031578947368421,B,47.3556,-117.4556,20150615,20150917,53063.0,20150801,372.0,83.0,244.0,0.0,2.5211601000000003,113.0
32,0.1031578947368421,B,47.3556,-117.4556,20150615,20150917,53063.0,20150804,245.0,140.0,187.0,0.0,2.1691012,113.0
33,0.1031578947368421,B,47.3556,-117.4556,20150615,20150917,53063.0,20150723,294.0,56.0,180.0,0.0,2.209072,123.0
34,0.1031578947368421,B,47.3556,-117.4556,20150615,20150917,53063.0,20150828,267.0,183.0,232.0,0.0,1.6650826,92.0
35,0.1031578947368421,B,47.3556,-117.4556,20150615,20150917,53063.0,20150813,336.0,215.0,258.0,0.0,2.9172976000000004,92.0
36,0.1031578947368421,B,47.3556,-117.4556,20150615,20150917,53063.0,20150722,272.0,94.0,205.0,0.0,3.1575307999999995,123.0
38,0.1031578947368421,B,47.3556,-117.4556,20150615,20150917,53063.0,20150719,339.0,172.0,259.0,0.0,1.9054198,123.0
39,0.1031578947368421,B,47.3556,-117.4556,20150615,20150917,53063.0,20150715,300.0,78.0,202.0,0.0,1.6999999,123.0
40,0.1031578947368421,B,47.3556,-117.4556,20150615,20150917,53063.0,20150910,283.0,50.0,172.0,0.0,1.277204,92.0
41,0.1031578947368421,B,47.3556,-117.4556,20150615,20150917,53063.0,20150629,333.0,167.0,283.0,3.0,1.520074,136.0
42,0.1031578947368421,B,47.3556,-117.4556,20150615,20150917,53063.0,20150904,222.0,11.0,111.0,5.0,4.1027427,92.0
43,0.1031578947368421,B,47.3556,-117.4556,20150615,20150917,53063.0,20150717,283.0,67.0,187.0,0.0,3.2389235,123.0
44,0.1031578947368421,B,47.3556,-117.4556,20150615,20150917,53063.0,20150831,138.0,55.0,95.0,0.0,4.0145050000000015,92.0
45,0.1031578947368421,B,47.3556,-117.4556,20150615,20150917,53063.0,20150916,161.0,72.0,108.0,0.0,1.2209115,92.0
46,0.1031578947368421,B,47.3556,-117.4556,20150615,20150917,53063.0,20150713,267.0,161.0,222.0,3.0,0.6543126,123.0
47,0.1031578947368421,B,47.3556,-117.4556,20150615,20150917,53063.0,20150626,299.0,175.0,233.0,0.0,0.4123106,161.5
48,0.1031578947368421,B,47.3556,-117.4556,20150615,20150917,53063.0,20150712,283.0,156.0,207.0,0.0,1.3892444,123.0
49,0.1031578947368421,B,47.3556,-117.4556,20150615,20150917,53063.0,20150901,181.0,69.0,117.0,0.0,3.3586643,92.0
51,0.1031578947368421,B,47.3556,-117.4556,20150615,20150917,53063.0,20150616,237.0,140.0,181.0,0.0,1.3287681,161.5
52,0.1031578947368421,B,47.3556,-117.4556,20150615,20150917,53063.0,20150701,350.0,189.0,277.0,0.0,1.4577379,136.0
53,0.1031578947368421,B,47.3556,-117.4556,20150615,20150917,53063.0,20150707,240.0,148.0,194.0,0.0,1.3021616000000005,136.0
54,0.1031578947368421,B,47.3556,-117.4556,20150615,20150917,53063.0,20150805,272.0,139.0,222.0,0.0,2.9762602000000005,113.0
55,0.1031578947368421,B,47.3556,-117.4556,20150615,20150917,53063.0,20150728,267.0,94.0,174.0,0.0,3.3154938,113.0
57,0.1031578947368421,B,47.3556,-117.4556,20150615,20150917,53063.0,20150716,267.0,100.0,202.0,0.0,3.990614,123.0
58,0.1031578947368421,B,47.3556,-117.4556,20150615,20150917,53063.0,20150721,306.0,144.0,242.0,0.0,2.2610838,123.0
59,0.1031578947368421,B,47.3556,-117.4556,20150615,20150917,53063.0,20150730,350.0,161.0,254.0,0.0,1.4008923999999998,113.0
60,0.1031578947368421,B,47.3556,-117.4556,20150615,20150917,53063.0,20150905,133.0,72.0,122.0,69.0,4.738143,92.0
61,0.1031578947368421,B,47.3556,-117.4556,20150615,20150917,53063.0,20150703,378.0,122.0,255.0,0.0,1.9068954,136.0
63,0.1031578947368421,B,47.3556,-117.4556,20150615,20150917,53063.0,20150907,121.0,49.0,73.0,0.0,1.5461646,92.0
64,0.1031578947368421,B,47.3556,-117.4556,20150615,20150917,53063.0,20150624,300.0,156.0,225.0,0.0,5.8936934,161.5
65,0.1031578947368421,B,47.3556,-117.4556,20150615,20150917,53063.0,20150823,251.0,127.0,181.0,0.0,4.5078406,92.0
66,0.1031578947368421,B,47.3556,-117.4556,20150615,20150917,53063.0,20150914,133.0,72.0,130.0,5.0,4.252646,92.0
67,0.1031578947368421,B,47.3556,-117.4556,20150615,20150917,53063.0,20150706,259.0,126.0,190.0,0.0,0.67175144,136.0
68,0.1031578947368421,B,47.3556,-117.4556,20150615,20150917,53063.0,20150809,235.0,118.0,178.0,0.0,2.2468033,113.0
69,0.1031578947368421,B,47.3556,-117.4556,20150615,20150917,53063.0,20150818,311.0,150.0,225.0,0.0,1.2634279,92.0
70,0.1031578947368421,B,47.3556,-117.4556,20150615,20150917,53063.0,20150820,300.0,172.0,239.0,0.0,3.843989,92.0
71,0.1031578947368421,B,47.3556,-117.4556,20150615,20150917,53063.0,20150709,361.0,189.0,277.0,0.0,1.1792475,136.0
72,0.1031578947368421,B,47.3556,-117.4556,20150615,20150917,53063.0,20150917,150.0,28.0,112.0,3.0,1.2798926000000002,92.0
73,0.1031578947368421,B,47.3556,-117.4556,20150615,20150917,53063.0,20150807,289.0,122.0,201.0,0.0,2.634032,113.0
74,0.1031578947368421,B,47.3556,-117.4556,20150615,20150917,53063.0,20150822,208.0,64.0,129.0,0.0,1.4495687,92.0
75,0.1031578947368421,B,47.3556,-117.4556,20150615,20150917,53063.0,20150811,361.0,172.0,245.0,0.0,2.2251406000000005,113.0
76,0.1031578947368421,B,47.3556,-117.4556,20150615,20150917,53063.0,20150816,220.0,104.0,151.0,0.0,1.7003676,92.0
77,0.1031578947368421,B,47.3556,-117.4556,20150615,20150917,53063.0,20150714,294.0,106.0,204.0,0.0,1.403567,123.0
78,0.1031578947368421,B,47.3556,-117.4556,20150615,20150917,53063.0,20150819,265.0,151.0,196.0,0.0,4.271197,92.0
79,0.1031578947368421,B,47.3556,-117.4556,20150615,20150917,53063.0,20150802,307.0,208.0,245.0,0.0,1.3334634,113.0
80,0.1031578947368421,B,47.3556,-117.4556,20150615,20150917,53063.0,20150915,144.0,56.0,108.0,0.0,2.9516943,92.0
81,0.1031578947368421,B,47.3556,-117.4556,20150615,20150917,53063.0,20150702,361.0,128.0,255.0,0.0,1.6364979,136.0
82,0.1031578947368421,B,47.3556,-117.4556,20150615,20150917,53063.0,20150620,195.0,82.0,137.0,0.0,2.0570002,161.5
83,0.1031578947368421,B,47.3556,-117.4556,20150615,20150917,53063.0,20150625,317.0,161.0,237.0,0.0,2.5112247,161.5
84,0.1031578947368421,B,47.3556,-117.4556,20150615,20150917,53063.0,20150617,283.0,167.0,232.0,0.0,1.7089837,161.5
85,0.1031578947368421,B,47.3556,-117.4556,20150615,20150917,53063.0,20150830,104.0,68.0,87.0,152.0,1.9764235,92.0
86,0.075,A,47.486,-117.5,20150723,20150724,53063.0,20150723,294.0,56.0,180.0,0.0,2.209072,123.0
87,0.1031578947368421,B,47.3556,-117.4556,20150615,20150917,53063.0,20150814,259.0,100.0,202.0,0.0,2.9074259,92.0
88,0.1031578947368421,B,47.3556,-117.4556,20150615,20150917,53063.0,20150824,244.0,152.0,188.0,0.0,1.6547279,92.0
89,0.1031578947368421,B,47.3556,-117.4556,20150615,20150917,53063.0,20150908,173.0,76.0,110.0,0.0,1.5002084,92.0
90,0.1031578947368421,B,47.3556,-117.4556,20150615,20150917,53063.0,20150705,239.0,140.0,184.0,0.0,4.078755999999999,136.0
91,0.1031578947368421,B,47.3556,-117.4556,20150615,20150917,53063.0,20150827,311.0,167.0,242.0,0.0,4.1032004,92.0
92,0.1031578947368421,B,47.3556,-117.4556,20150615,20150917,53063.0,20150622,222.0,118.0,163.0,0.0,1.982738,161.5
93,0.1031578947368421,B,47.3556,-117.4556,20150615,20150917,53063.0,20150704,300.0,187.0,237.0,0.0,2.4052026,136.0
94,0.1031578947368421,B,47.3556,-117.4556,20150615,20150917,53063.0,20150623,283.0,128.0,212.0,0.0,3.5022314,161.5
95,0.1031578947368421,B,47.3556,-117.4556,20150615,20150917,53063.0,20150710,322.0,122.0,242.0,0.0,2.9276698,123.0
96,0.1031578947368421,B,47.3556,-117.4556,20150615,20150917,53063.0,20150621,208.0,107.0,155.0,0.0,1.1963485,161.5
97,0.1031578947368421,B,47.3556,-117.4556,20150615,20150917,53063.0,20150711,186.0,120.0,140.0,0.0,3.25,123.0
98,0.1031578947368421,B,47.3556,-117.4556,20150615,20150917,53063.0,20150812,320.0,215.0,258.0,0.0,2.6302328,92.0
99,0.2,A,47.4816,-117.5043,20150627,20150627,53063.0,20150627,389.0,200.0,295.0,0.0,0.5255949000000001,161.5
100,0.1031578947368421,B,47.3556,-117.4556,20150615,20150917,53063.0,20150912,317.0,56.0,185.0,0.0,1.3530059,92.0
101,0.1031578947368421,B,47.3556,-117.4556,20150615,20150917,53063.0,20150726,233.0,111.0,181.0,0.0,2.385634,123.0
102,0.1031578947368421,B,47.3556,-117.4556,20150615,20150917,53063.0,20150906,71.0,33.0,51.0,25.0,3.025413,92.0
103,0.1031578947368421,B,47.3556,-117.4556,20150615,20150917,53063.0,20150902,222.0,78.0,177.0,0.0,3.700338,92.0
104,0.1031578947368421,B,47.3556,-117.4556,20150615,20150917,53063.0,20150903,194.0,17.0,132.0,0.0,1.2260198999999998,92.0
105,0.1031578947368421,B,47.3556,-117.4556,20150615,20150917,53063.0,20150806,201.0,78.0,126.0,0.0,3.3575473,113.0
106,0.1031578947368421,B,47.3556,-117.4556,20150615,20150917,53063.0,20150829,201.0,101.0,154.0,25.0,1.9163767,92.0
