,FIRE_SIZE,FIRE_SIZE_CLASS,LATITUDE,LONGITUDE,START_DATE,END_DATE,FIPS,DATE,tmax,tmin,tavg,prcp,aws,fmc
0,0.0579710144927536,B,38.35666667,-119.78944444,20141003,20141210,6109.0,20141025,129.0,43.0,90.0,0.0,2.7323296000000004,6.0
1,1.1111111111111112,C,38.33388889,-119.93222222,20150730,20150816,6109.0,20150810,237.0,45.0,150.0,0.0,2.3511965,4.0
2,1.1111111111111112,C,38.33388889,-119.93222222,20150730,20150816,6109.0,20150811,231.0,73.0,161.0,0.0,1.9525623,4.0
4,0.0579710144927536,B,38.35666667,-119.78944444,20141003,20141210,6109.0,20141012,131.0,12.0,70.0,0.0,1.7913396,79.0
5,1.1111111111111112,C,38.33388889,-119.93222222,20150730,20150816,6109.0,20150812,212.0,52.0,128.0,0.0,1.2010412,7.0
6,0.0579710144927536,B,38.35666667,-119.78944444,20141003,20141210,6109.0,20141003,236.0,5.0,101.0,0.0,1.6918848000000002,59.5
7,0.01,A,38.37666667,-120.03305556,20141005,20141005,6109.0,20141005,188.0,48.0,106.0,0.0,1.5776216,59.5
8,1.5,B,38.33027778,-119.84916667,20150630,20150630,6109.0,20150630,223.0,123.0,160.0,25.0,1.6,71.25
9,0.0579710144927536,B,38.35666667,-119.78944444,20141003,20141210,6109.0,20141004,186.0,51.0,109.0,0.0,1.5069431,59.5
10,0.005,A,37.875,-119.8625,20150922,20150923,6109.0,20150923,193.0,55.0,122.0,0.0,1.2311072,7.0
11,0.01,A,38.20111111,-120.07972222,20141024,20141024,6109.0,20141024,148.0,58.0,101.0,0.0,1.8022556,6.0
12,0.0579710144927536,B,38.35666667,-119.78944444,20141003,20141210,6109.0,20141124,54.0,-78.0,-21.0,0.0,1.3786316,6.0
13,0.0579710144927536,B,38.35666667,-119.78944444,20141003,20141210,6109.0,20141128,53.0,0.0,34.0,0.0,0.6864765,6.0
14,0.1,A,38.13055556,-120.25111111,20151029,20151029,6109.0,20151029,33.0,-22.0,-3.0,0.0,2.5353749,12.0
15,0.0579710144927536,B,38.35666667,-119.78944444,20141003,20141210,6109.0,20141010,143.0,24.0,76.0,0.0,1.5371709999999998,59.5
16,0.005,A,37.875,-119.8625,20150922,20150923,6109.0,20150922,189.0,86.0,134.0,0.0,2.4063718,36.0
17,0.04,A,38.19083333,-119.985,20150422,20150422,6109.0,20150422,99.0,1.0,31.0,0.0,2.5811818,96.2
18,0.0579710144927536,B,38.35666667,-119.78944444,20141003,20141210,6109.0,20141009,158.0,45.0,87.0,0.0,2.3780062,59.5
19,0.0579710144927536,B,38.35666667,-119.78944444,20141003,20141210,6109.0,20141127,150.0,-2.0,81.0,0.0,0.814325,6.0
20,5.1,A,38.19166667,-119.97055556,20150421,20150421,6109.0,20150421,123.0,9.0,49.0,0.0,2.9068885,96.2
21,0.0579710144927536,B,38.35666667,-119.78944444,20141003,20141210,6109.0,20141125,112.0,11.0,58.0,0.0,1.5495968,6.0
22,0.11,A,38.32222222,-119.82527778,20150722,20150722,6109.0,20150722,166.0,69.0,106.0,0.0,2.8802128,60.5
23,0.0579710144927536,B,38.35666667,-119.78944444,20141003,20141210,6109.0,20141129,15.0,-46.0,-16.0,229.0,1.9661192,6.0
24,1.1111111111111112,C,38.33388889,-119.93222222,20150730,20150816,6109.0,20150813,198.0,99.0,144.0,0.0,1.4637282,7.0
25,1.1111111111111112,C,38.33388889,-119.93222222,20150730,20150816,6109.0,20150814,190.0,108.0,143.0,0.0,1.703856,7.0
27,0.005,A,38.22194444,-119.90388889,20141003,20141006,6109.0,20141003,236.0,5.0,101.0,0.0,1.6918848000000002,59.5
28,0.1,A,37.81111111,-119.87222222,20150721,20150721,6109.0,20150721,171.0,81.0,112.0,76.0,3.321333,60.5
29,0.0579710144927536,B,38.35666667,-119.78944444,20141003,20141210,6109.0,20141122,29.0,-58.0,3.0,152.0,1.5402921,6.0
30,1.1111111111111112,C,38.33388889,-119.93222222,20150730,20150816,6109.0,20150815,213.0,82.0,152.0,0.0,0.7017835,7.0
31,0.0579710144927536,B,38.35666667,-119.78944444,20141003,20141210,6109.0,20141024,148.0,58.0,101.0,0.0,1.8022556,6.0
32,0.0579710144927536,B,38.35666667,-119.78944444,20141003,20141210,6109.0,20141130,15.0,-29.0,-13.0,51.0,2.7323296000000004,6.0
33,1.1111111111111112,C,38.33388889,-119.93222222,20150730,20150816,6109.0,20150816,221.0,109.0,161.0,0.0,1.4508618999999998,7.0
34,0.25,A,38.10583333,-120.23361111,20150922,20150922,6109.0,20150922,189.0,86.0,134.0,0.0,2.4063718,36.0
35,0.0579710144927536,B,38.35666667,-119.78944444,20141003,20141210,6109.0,20141023,127.0,45.0,83.0,0.0,0.57008773,6.0
36,0.05,A,38.3225,-119.93694444,20150702,20150703,6109.0,20150702,231.0,112.0,151.0,0.0,3.7007601,71.25
37,0.0579710144927536,B,38.35666667,-119.78944444,20141003,20141210,6109.0,20141011,235.0,12.0,104.0,0.0,1.0394198,59.5
38,0.01,A,38.22527778,-119.98833333,20151009,20151009,6109.0,20151009,217.0,72.0,138.0,0.0,1.0003124,10.0
39,0.0579710144927536,B,38.35666667,-119.78944444,20141003,20141210,6109.0,20141121,43.0,-57.0,-3.0,0.0,1.4977065,79.0
40,0.0579710144927536,B,38.35666667,-119.78944444,20141003,20141210,6109.0,20141123,26.0,-91.0,-29.0,0.0,0.6896558,6.0
41,1.1111111111111112,C,38.33388889,-119.93222222,20150730,20150816,6109.0,20150802,173.0,100.0,138.0,0.0,3.045591,84.0
42,0.0629710144927536,B,38.35666667,-119.78944444,20141003,20141210,6109.0,20141005,188.0,48.0,106.0,0.0,1.5776216,59.5
43,1.1111111111111112,C,38.33388889,-119.93222222,20150730,20150816,6109.0,20150730,208.0,120.0,156.0,0.0,2.0570002,84.0
44,0.0579710144927536,B,38.35666667,-119.78944444,20141003,20141210,6109.0,20141102,10.0,-99.0,-48.0,25.0,1.0176565999999998,6.0
45,0.0579710144927536,B,38.35666667,-119.78944444,20141003,20141210,6109.0,20141110,135.0,11.0,60.0,0.0,1.0550474,6.0
46,0.11,A,38.23472222,-119.72,20150709,20150709,6109.0,20150709,128.0,25.0,62.0,76.0,3.1524792,61.5
47,29.142857142857142,D,37.82,-120.14361111,20150729,20150804,6109.0,20150730,208.0,120.0,156.0,0.0,2.0570002,84.0
48,0.0579710144927536,B,38.35666667,-119.78944444,20141003,20141210,6109.0,20141007,166.0,77.0,112.0,0.0,1.0630149,59.5
49,0.1,A,38.11694444,-120.13333333,20150709,20150709,6109.0,20150709,128.0,25.0,62.0,76.0,3.1524792,61.5
50,29.142857142857142,D,37.82,-120.14361111,20150729,20150804,6109.0,20150801,259.0,82.0,150.0,0.0,2.741464,84.0
51,0.0579710144927536,B,38.35666667,-119.78944444,20141003,20141210,6109.0,20141021,106.0,19.0,54.0,0.0,2.1173391,79.0
52,0.0579710144927536,B,38.35666667,-119.78944444,20141003,20141210,6109.0,20141101,-7.0,-76.0,-42.0,76.0,1.6807736,6.0
53,0.01,A,38.33638889,-119.93277778,20150711,20150711,6109.0,20150711,175.0,40.0,91.0,0.0,2.3005433,61.5
54,0.0579710144927536,B,38.35666667,-119.78944444,20141003,20141210,6109.0,20141031,109.0,-16.0,50.0,51.0,1.6867126,6.0
55,0.0579710144927536,B,38.35666667,-119.78944444,20141003,20141210,6109.0,20141111,120.0,36.0,63.0,0.0,1.1051018,79.0
56,0.0579710144927536,B,38.35666667,-119.78944444,20141003,20141210,6109.0,20141030,136.0,22.0,82.0,0.0,1.290591,6.0
57,1.7,B,38.01222222,-120.01027778,20150728,20150729,6109.0,20150729,277.0,50.0,161.0,0.0,0.41608292,84.0
58,0.0579710144927536,B,38.35666667,-119.78944444,20141003,20141210,6109.0,20141112,101.0,29.0,59.0,0.0,1.0865656,6.0
59,0.05,A,38.21083333,-120.0,20151120,20151121,6109.0,20151120,64.0,-23.0,10.0,0.0,1.6364976999999998,12.0
60,6.6,B,38.14472222,-120.31388889,20150328,20150328,6109.0,20150328,117.0,6.0,58.0,0.0,1.8631291,98.0
61,29.142857142857142,D,37.82,-120.14361111,20150729,20150804,6109.0,20150729,277.0,50.0,161.0,0.0,0.41608292,84.0
62,0.0579710144927536,B,38.35666667,-119.78944444,20141003,20141210,6109.0,20141017,143.0,18.0,87.0,0.0,0.92914534,79.0
63,29.142857142857142,D,37.82,-120.14361111,20150729,20150804,6109.0,20150731,196.0,100.0,142.0,0.0,2.4255157000000005,84.0
64,0.2,B,38.18666667,-120.09472222,20141106,20141107,6109.0,20141107,144.0,45.0,81.0,0.0,0.6010408,6.0
65,0.0579710144927536,B,38.35666667,-119.78944444,20141003,20141210,6109.0,20141106,171.0,-14.0,86.0,0.0,1.1760635,6.0
66,0.1229710144927536,A,38.09277778,-120.11472222,20141019,20141020,6109.0,20141019,120.0,52.0,78.0,0.0,0.9905806,79.0
67,0.0579710144927536,B,38.35666667,-119.78944444,20141003,20141210,6109.0,20141006,204.0,46.0,112.0,0.0,1.2650678,59.5
68,0.0579710144927536,B,38.35666667,-119.78944444,20141003,20141210,6109.0,20141107,144.0,45.0,81.0,0.0,0.6010408,6.0
69,0.2,B,38.18666667,-120.09472222,20141106,20141107,6109.0,20141106,171.0,-14.0,86.0,0.0,1.1760635,6.0
70,0.0579710144927536,B,38.35666667,-119.78944444,20141003,20141210,6109.0,20141108,218.0,-3.0,76.0,0.0,2.0194368000000003,6.0
71,0.0579710144927536,B,38.35666667,-119.78944444,20141003,20141210,6109.0,20141018,126.0,-1.0,55.0,0.0,0.98762167,79.0
72,0.005,A,38.22194444,-119.90388889,20141003,20141006,6109.0,20141006,204.0,46.0,112.0,0.0,1.2650678,59.5
73,1.1111111111111112,C,38.33388889,-119.93222222,20150730,20150816,6109.0,20150731,196.0,100.0,142.0,0.0,2.4255157000000005,84.0
74,0.0579710144927536,B,38.35666667,-119.78944444,20141003,20141210,6109.0,20141020,156.0,61.0,110.0,0.0,1.7016536,79.0
75,0.0579710144927536,B,38.35666667,-119.78944444,20141003,20141210,6109.0,20141105,105.0,22.0,56.0,0.0,2.8710842,6.0
76,0.05,A,38.21083333,-120.0,20151120,20151121,6109.0,20151121,81.0,14.0,45.0,0.0,3.626379,12.0
77,0.0579710144927536,B,38.35666667,-119.78944444,20141003,20141210,6109.0,20141104,96.0,5.0,44.0,0.0,2.066549,6.0
78,0.0579710144927536,B,38.35666667,-119.78944444,20141003,20141210,6109.0,20141109,156.0,61.0,100.0,0.0,0.9981233,6.0
79,0.065,A,38.09277778,-120.11472222,20141019,20141020,6109.0,20141020,156.0,61.0,110.0,0.0,1.7016536,79.0
80,0.01,A,38.32,-119.92555556,20141018,20141018,6109.0,20141018,126.0,-1.0,55.0,0.0,0.98762167,79.0
81,0.0579710144927536,B,38.35666667,-119.78944444,20141003,20141210,6109.0,20141103,115.0,-99.0,-6.0,0.0,2.3835373,6.0
82,0.1,A,37.80222222,-119.87722222,20150708,20150708,6109.0,20150708,137.0,37.0,69.0,102.0,3.4074368,61.5
83,1.1111111111111112,C,38.33388889,-119.93222222,20150730,20150816,6109.0,20150809,207.0,53.0,127.0,0.0,1.7778146,4.0
84,0.1,A,38.31027778,-119.92972222,20150712,20150712,6109.0,20150712,140.0,62.0,93.0,0.0,2.0804145,63.5
85,0.0579710144927536,B,38.35666667,-119.78944444,20141003,20141210,6109.0,20141113,91.0,34.0,58.0,203.0,1.5852839,6.0
86,29.142857142857142,D,37.82,-120.14361111,20150729,20150804,6109.0,20150804,205.0,70.0,129.0,0.0,2.486589,84.0
87,0.0579710144927536,B,38.35666667,-119.78944444,20141003,20141210,6109.0,20141117,126.0,-85.0,-5.0,0.0,2.8027887,6.0
88,1.1111111111111112,C,38.33388889,-119.93222222,20150730,20150816,6109.0,20150805,237.0,53.0,145.0,0.0,1.1981758,4.0
89,0.01,A,38.20361111,-119.94277778,20151019,20151019,6109.0,20151019,64.0,-20.0,18.0,25.0,2.1286732999999995,60.5
92,0.0579710144927536,B,38.35666667,-119.78944444,20141003,20141210,6109.0,20141013,166.0,70.0,106.0,0.0,2.5644507,79.0
93,1.1111111111111112,C,38.33388889,-119.93222222,20150730,20150816,6109.0,20150806,184.0,86.0,133.0,0.0,2.0028105,4.0
94,0.0579710144927536,B,38.35666667,-119.78944444,20141003,20141210,6109.0,20141118,99.0,-40.0,33.0,0.0,3.178443,6.0
99,0.0579710144927536,B,38.35666667,-119.78944444,20141003,20141210,6109.0,20141119,40.0,-25.0,9.0,0.0,2.386551,6.0
100,0.0579710144927536,B,38.35666667,-119.78944444,20141003,20141210,6109.0,20141026,86.0,-30.0,24.0,0.0,2.2848687,6.0
101,1.1111111111111112,C,38.33388889,-119.93222222,20150730,20150816,6109.0,20150807,122.0,34.0,77.0,0.0,1.8384776000000005,4.0
102,0.0579710144927536,B,38.35666667,-119.78944444,20141003,20141210,6109.0,20141120,54.0,-53.0,-4.0,0.0,1.2026013,6.0
104,1.1111111111111112,C,38.33388889,-119.93222222,20150730,20150816,6109.0,20150808,147.0,41.0,94.0,25.0,1.5331749,4.0
105,0.0579710144927536,B,38.35666667,-119.78944444,20141003,20141210,6109.0,20141014,154.0,61.0,96.0,0.0,2.5704937,79.0
106,0.0579710144927536,B,38.35666667,-119.78944444,20141003,20141210,6109.0,20141029,198.0,-13.0,73.0,0.0,1.4146553,6.0
107,0.01,A,38.06638889,-120.02833333,20150804,20150804,6109.0,20150804,205.0,70.0,129.0,0.0,2.486589,84.0
108,0.0579710144927536,B,38.35666667,-119.78944444,20141003,20141210,6109.0,20141015,99.0,24.0,53.0,0.0,1.5882461,79.0
109,2.5,B,37.97222222,-120.17611111,20141230,20141230,6109.0,20141230,-104.0,-174.0,-141.0,25.0,3.2413344,95.0
110,0.0579710144927536,B,38.35666667,-119.78944444,20141003,20141210,6109.0,20141008,180.0,45.0,108.0,0.0,1.6393299,59.5
111,0.05,A,38.3225,-119.93694444,20150702,20150703,6109.0,20150703,268.0,100.0,183.0,0.0,3.4045007000000007,71.25
112,1.1111111111111112,C,38.33388889,-119.93222222,20150730,20150816,6109.0,20150801,259.0,82.0,150.0,0.0,2.741464,84.0
113,0.0579710144927536,B,38.35666667,-119.78944444,20141003,20141210,6109.0,20141114,48.0,-16.0,13.0,0.0,1.5388713,6.0
114,0.0579710144927536,B,38.35666667,-119.78944444,20141003,20141210,6109.0,20141115,106.0,-22.0,41.0,25.0,2.6422055,6.0
115,0.01,A,38.31277778,-119.79472222,20150628,20150628,6109.0,20150628,242.0,101.0,170.0,0.0,2.7663152,71.25
116,1.7,B,38.01222222,-120.01027778,20150728,20150729,6109.0,20150728,234.0,32.0,137.0,0.0,0.72111034,60.5
117,29.152857142857144,D,37.82,-120.14361111,20150729,20150804,6109.0,20150802,173.0,100.0,138.0,0.0,3.045591,84.0
118,0.0579710144927536,B,38.35666667,-119.78944444,20141003,20141210,6109.0,20141016,146.0,1.0,72.0,0.0,0.92541766,79.0
119,0.0579710144927536,B,38.35666667,-119.78944444,20141003,20141210,6109.0,20141027,160.0,-55.0,33.0,0.0,1.7778145,6.0
120,0.0579710144927536,B,38.35666667,-119.78944444,20141003,20141210,6109.0,20141116,62.0,-108.0,-13.0,0.0,2.3881216,6.0
121,0.0579710144927536,B,38.35666667,-119.78944444,20141003,20141210,6109.0,20141022,205.0,-15.0,89.0,0.0,1.6517037,6.0
122,29.142857142857142,D,37.82,-120.14361111,20150729,20150804,6109.0,20150803,242.0,52.0,158.0,0.0,2.3401387,84.0
123,0.1,A,38.17138889,-120.20027778,20151019,20151019,6109.0,20151019,64.0,-20.0,18.0,25.0,2.1286732999999995,60.5
124,0.005,A,38.22194444,-119.90388889,20141003,20141006,6109.0,20141004,186.0,51.0,109.0,0.0,1.5069431,59.5
125,1.1111111111111112,C,38.33388889,-119.93222222,20150730,20150816,6109.0,20150803,242.0,52.0,158.0,0.0,2.3401387,84.0
126,1.1111111111111112,C,38.33388889,-119.93222222,20150730,20150816,6109.0,20150804,205.0,70.0,129.0,0.0,2.486589,84.0
128,0.0579710144927536,B,38.35666667,-119.78944444,20141003,20141210,6109.0,20141126,136.0,0.0,60.0,0.0,1.5508063,6.0
129,0.0579710144927536,B,38.35666667,-119.78944444,20141003,20141210,6109.0,20141028,191.0,-30.0,61.0,0.0,1.6387876,6.0
130,0.15,B,38.16111111,-119.78444444,20140830,20140903,6109.0,20140903,213.0,86.0,142.0,0.0,1.6676093,38.5
131,0.005,A,38.29611111,-119.90861111,20140721,20140722,6109.0,20140721,173.0,66.0,117.0,0.0,2.4881535,106.0
132,0.1,A,37.82333333,-119.92166667,20130710,20130710,6109.0,20130710,209.0,80.0,149.0,0.0,0.8002530999999999,80.25
133,0.25,A,38.17194444,-119.95083333,20140715,20140715,6109.0,20140715,241.0,109.0,155.0,25.0,2.831483,56.0
134,0.05,A,38.29694444,-119.92777778,20140720,20140721,6109.0,20140721,173.0,66.0,117.0,0.0,2.4881535,106.0
135,0.11,A,38.18666667,-120.01138889,20140908,20140908,6109.0,20140908,167.0,44.0,107.0,0.0,1.1313752,38.5
136,0.025,A,38.29555556,-119.75138889,20140720,20140721,6109.0,20140721,173.0,66.0,117.0,0.0,2.4881535,106.0
137,0.05,A,38.16472222,-119.77111111,20140816,20140817,6109.0,20140816,182.0,97.0,143.0,0.0,1.4017583999999998,36.5
138,0.1,A,38.1516667,-120.122222,20100905,20100905,6109.0,20100905,192.0,30.0,109.0,0.0,2.192586,84.25
139,0.8,A,38.16194444,-119.96833333,20140921,20140921,6109.0,20140921,137.0,43.0,86.0,0.0,2.0850492,54.75
140,0.05,A,38.33388889,-120.03305556,20140715,20140716,6109.0,20140715,241.0,109.0,155.0,25.0,2.831483,56.0
141,0.1,A,37.81,-119.88305556,20121006,20121006,6109.0,20121006,147.0,11.0,71.0,0.0,2.3076696,59.0
142,0.05,A,38.16777778,-120.01777778,20140714,20140715,6109.0,20140715,241.0,109.0,155.0,25.0,2.831483,56.0
143,0.15,B,38.16111111,-119.78444444,20140830,20140903,6109.0,20140830,165.0,101.0,126.0,0.0,3.0513773,61.5
144,0.01,A,38.1777778,-119.954167,20100910,20100910,6109.0,20100910,157.0,-3.0,77.0,0.0,0.50990015,84.25
145,2.766666666666667,B,38.05333333,-119.875,20140811,20140813,6109.0,20140811,163.0,75.0,103.0,25.0,0.7632295,47.0
146,0.01,A,38.18472222,-120.08805556,20140711,20140711,6109.0,20140711,174.0,98.0,128.0,25.0,2.2787976000000003,56.0
147,0.01,A,38.24638889,-119.98305556,20130515,20130515,6109.0,20130515,139.0,22.0,74.0,0.0,3.4306400000000004,16.0
148,0.001,A,38.16055556,-119.66555556,20140921,20140930,6109.0,20140922,176.0,48.0,109.0,0.0,1.1527827,54.75
149,0.15,A,38.30777778,-119.77722222,20140720,20140720,6109.0,20140720,172.0,81.0,115.0,51.0,2.8500764,106.0
150,0.01,A,38.48583333,-119.96861111,20140831,20140831,6109.0,20140831,251.0,86.0,176.0,0.0,2.7118943,38.5
151,0.5,B,38.19416667,-120.04111111,20131022,20131022,6109.0,20131022,125.0,31.0,63.0,25.0,1.0960331,66.0
152,0.01,A,38.27388889,-119.85055556,20140803,20140803,6109.0,20140803,169.0,78.0,116.0,51.0,2.0530274,47.0
153,0.03,A,38.17555556,-119.77027778,20140720,20140720,6109.0,20140720,172.0,81.0,115.0,51.0,2.8500764,106.0
154,0.05,A,38.31555556,-119.71166667,20140720,20140721,6109.0,20140721,173.0,66.0,117.0,0.0,2.4881535,106.0
155,2.0,B,38.2175,-119.87388889,20140803,20140803,6109.0,20140803,169.0,78.0,116.0,51.0,2.0530274,47.0
156,0.005,A,38.08472222,-120.0,20140721,20140722,6109.0,20140721,173.0,66.0,117.0,0.0,2.4881535,106.0
157,0.125,A,38.12916667,-119.92194444,20140921,20140922,6109.0,20140921,137.0,43.0,86.0,0.0,2.0850492,54.75
158,0.1,A,38.36833333,-119.78388889,20130818,20130818,6109.0,20130818,221.0,94.0,153.0,0.0,1.3313577,81.0
159,0.005,A,38.22138889,-119.90138889,20140827,20140828,6109.0,20140828,232.0,77.0,145.0,0.0,1.9432949,61.5
160,0.01,A,38.33777778,-120.15527778,20130818,20130818,6109.0,20130818,221.0,94.0,153.0,0.0,1.3313577,81.0
161,0.05,A,38.16472222,-119.77111111,20140816,20140817,6109.0,20140817,179.0,116.0,141.0,0.0,1.6378378999999998,36.5
162,0.001,A,38.16055556,-119.66555556,20140921,20140930,6109.0,20140926,107.0,8.0,67.0,76.0,2.3569634,59.5
163,0.06,A,38.09166667,-120.35277778,20120717,20120717,6109.0,20120717,148.0,59.0,95.0,0.0,1.4645588,106.0
164,0.25,A,38.1791667,-119.904444,20100822,20100822,6109.0,20100822,166.0,70.0,113.0,0.0,1.8435816000000005,90.0
165,0.1,A,38.26944444,-119.94861111,20130928,20130928,6109.0,20130928,136.0,15.0,76.0,0.0,0.2817823,66.0
166,0.01,A,38.08333333,-120.23333333,20120901,20120901,6109.0,20120901,181.0,16.0,100.0,0.0,1.5408201,64.0
167,0.5,B,38.0972222,-120.145278,20100823,20100823,6109.0,20100823,190.0,40.0,111.0,0.0,1.8635644,90.0
168,0.1,A,38.43111111,-119.90138889,20130927,20130927,6109.0,20130927,92.0,-58.0,21.0,0.0,0.9774384,66.0
169,0.005,A,38.08472222,-120.0,20140721,20140722,6109.0,20140722,168.0,80.0,122.0,0.0,2.0875423,106.0
170,1.3,B,38.20166667,-119.93388889,20120719,20120719,6109.0,20120719,180.0,82.0,115.0,0.0,0.75154203,106.0
171,0.1,A,38.37666667,-120.105,20131024,20131024,6109.0,20131024,131.0,5.0,56.0,0.0,1.058489,66.0
172,0.0883333333333333,A,38.29611111,-119.90861111,20140721,20140722,6109.0,20140722,168.0,80.0,122.0,0.0,2.0875423,106.0
173,0.01,A,38.19527778,-119.84805556,20130812,20130812,6109.0,20130812,185.0,81.0,128.0,0.0,2.5947855,4.0
174,0.2,A,38.10916667,-119.98638889,20140811,20140811,6109.0,20140811,163.0,75.0,103.0,25.0,0.7632295,47.0
175,0.1,A,38.09916667,-120.12694444,20140920,20140920,6109.0,20140920,180.0,51.0,107.0,25.0,1.5003018,54.75
176,0.01,A,38.08555556,-119.92,20140909,20140909,6109.0,20140909,170.0,7.0,89.0,0.0,1.8855788,38.5
177,0.02,A,38.11916667,-120.08305556,20140721,20140721,6109.0,20140721,173.0,66.0,117.0,0.0,2.4881535,106.0
178,0.05,A,38.16777778,-120.01777778,20140714,20140715,6109.0,20140714,259.0,136.0,175.0,25.0,2.4864748,56.0
179,0.4233333333333333,B,38.10388889,-119.99166667,20140721,20140721,6109.0,20140721,173.0,66.0,117.0,0.0,2.4881535,106.0
180,0.01,A,37.87305556,-119.95638889,20120617,20120617,6109.0,20120617,190.0,113.0,152.0,0.0,2.4938748,131.0
181,0.0333333333333333,A,38.28888889,-119.91444444,20140719,20140721,6109.0,20140721,173.0,66.0,117.0,0.0,2.4881535,106.0
182,0.01,A,38.27305556,-119.98472222,20130926,20130926,6109.0,20130926,25.0,-49.0,-22.0,0.0,3.8470728,66.0
183,0.0016666666666666,A,38.17611111,-119.85972222,20140823,20140828,6109.0,20140825,140.0,60.0,95.0,0.0,2.9449167000000003,61.5
184,0.5,B,38.05222222,-120.25194444,20140613,20140613,6109.0,20140613,175.0,25.0,124.0,0.0,3.2029612000000003,92.25
185,0.1,A,38.2075,-119.952778,20100719,20100719,6109.0,20100719,229.0,116.0,168.0,0.0,2.470993,111.0
186,0.01,A,38.2533333,-120.018333,20100918,20100918,6109.0,20100918,225.0,34.0,140.0,0.0,1.5337833,87.0
187,0.1,A,38.26694444,-119.90888889,20121006,20121006,6109.0,20121006,147.0,11.0,71.0,0.0,2.3076696,59.0
188,0.15,B,38.16111111,-119.78444444,20140830,20140903,6109.0,20140902,257.0,64.0,169.0,0.0,1.8764073,38.5
189,0.25,A,38.28388889,-119.84055556,20140705,20140705,6109.0,20140705,220.0,97.0,156.0,0.0,1.4599283,78.75
190,0.1,A,38.06666667,-120.26694444,20140607,20140607,6109.0,20140607,206.0,78.0,135.0,0.0,2.912544,109.0
191,0.01,A,38.40527778,-119.78,20130803,20130803,6109.0,20130803,212.0,54.0,132.0,0.0,2.482445,45.5
192,0.2,A,38.09555556,-120.23,20120901,20120901,6109.0,20120901,181.0,16.0,100.0,0.0,1.5408201,64.0
193,0.1,A,37.8769,-120.4664,20100617,20100617,6109.0,20100617,145.0,8.0,81.0,0.0,1.7275338,126.0
194,0.1,A,37.82555556,-120.11694444,20121104,20121104,6109.0,20121104,119.0,34.0,68.0,0.0,2.1934743,66.0
195,0.1,A,38.1856,-120.683,20100615,20100615,6109.0,20100615,157.0,24.0,93.0,0.0,2.8811283,126.0
196,0.01,A,38.27555556,-119.93916667,20120906,20120906,6109.0,20120906,148.0,83.0,109.0,0.0,1.208136,61.25
197,0.01,A,37.82694444,-120.11583333,20121105,20121105,6109.0,20121105,149.0,26.0,71.0,0.0,3.180017,66.0
198,0.01,A,38.15527778,-119.79111111,20140903,20140903,6109.0,20140903,213.0,86.0,142.0,0.0,1.6676093,38.5
199,0.1,A,37.8063889,-119.92,20100727,20100727,6109.0,20100727,202.0,75.0,140.0,0.0,1.7172365,105.25
200,10.0,C,37.74805556,-119.94055556,20120114,20120114,6109.0,20120114,128.0,-80.0,30.0,0.0,2.1384056,93.0
201,0.5,B,38.20388889,-120.01,20120101,20120101,6109.0,20120101,109.0,-10.0,38.0,0.0,4.200806,71.0
202,0.1,A,38.35916667,-120.02,20140717,20140717,6109.0,20140717,204.0,105.0,138.0,127.0,3.7522528,106.0
203,0.001,A,38.16055556,-119.66555556,20140921,20140930,6109.0,20140923,184.0,61.0,125.0,0.0,0.97329473,54.75
204,1.25,B,38.14972222,-119.7925,20120901,20120901,6109.0,20120901,181.0,16.0,100.0,0.0,1.5408201,64.0
205,0.25,A,37.82166667,-119.99833333,20120726,20120726,6109.0,20120726,211.0,100.0,149.0,0.0,2.0945966,102.0
206,0.8666666666666667,B,38.27972222,-119.92111111,20140813,20140815,6109.0,20140815,213.0,78.0,139.0,0.0,1.4442362,36.5
207,0.75,B,37.82694444,-120.11583333,20121108,20121108,6109.0,20121108,41.0,-79.0,-10.0,203.0,2.7060199000000003,66.0
208,0.01,A,38.34944444,-119.91694444,20130913,20130913,6109.0,20130913,181.0,78.0,121.0,0.0,2.4040258,66.0
209,0.5,B,38.1219444,-120.280556,20101020,20101020,6109.0,20101020,122.0,7.0,61.0,0.0,0.73170626,98.0
210,0.01,A,38.095,-120.16027778,20120819,20120819,6109.0,20120819,191.0,109.0,146.0,51.0,2.5437965,65.75
211,1.0,B,38.21777778,-120.01277778,20120815,20120815,6109.0,20120815,213.0,90.0,145.0,0.0,2.280196,65.75
212,0.01,A,38.21111111,-120.05638889,20130730,20130730,6109.0,20130730,247.0,61.0,169.0,0.0,1.4115309,45.5
213,1.3,B,37.94222222,-120.16555556,20140621,20140621,6109.0,20140621,195.0,78.0,135.0,0.0,2.6692379,57.5
214,0.1,A,38.42722222,-120.01527778,20120817,20120817,6109.0,20120817,223.0,93.0,131.0,127.0,2.6559033,65.75
215,0.01,A,38.35277778,-119.85111111,20140728,20140728,6109.0,20140728,195.0,106.0,137.0,0.0,2.1502185000000003,67.5
216,0.1,A,38.28777778,-119.74611111,20140716,20140716,6109.0,20140716,198.0,110.0,148.0,25.0,3.6286175,106.0
217,0.005,A,38.34333333,-119.78888889,20140711,20140712,6109.0,20140711,174.0,98.0,128.0,25.0,2.2787976000000003,56.0
218,0.1,A,37.7986111,-119.926111,20101005,20101005,6109.0,20101005,98.0,13.0,36.0,178.0,0.57009304,76.75
219,0.2,A,38.25611111,-119.96027778,20121011,20121011,6109.0,20121011,28.0,-1.0,13.0,25.0,1.6252033,66.0
220,0.001,A,38.16055556,-119.66555556,20140921,20140930,6109.0,20140925,167.0,54.0,105.0,0.0,1.4190782,59.5
221,0.01,A,37.87,-119.86638889,20120722,20120722,6109.0,20120722,214.0,117.0,158.0,0.0,1.7930136000000003,106.0
222,0.1,A,38.41305556,-120.07916667,20130922,20130922,6109.0,20130922,86.0,-37.0,34.0,76.0,3.139489,66.0
223,5.25,B,37.84444444,-119.90444444,20120914,20120914,6109.0,20120914,190.0,90.0,131.0,0.0,0.082464926,71.0
224,1255.0,F,37.936944,-119.490278,20090729,20090729,6109.0,20090729,206.0,74.0,130.0,203.0,3.1378975,97.0
225,0.01,A,37.82138889,-120.09194444,20120731,20120731,6109.0,20120731,253.0,110.0,172.0,0.0,1.5288239,102.0
226,0.01,A,38.36861111,-120.15194444,20130922,20130922,6109.0,20130922,86.0,-37.0,34.0,76.0,3.139489,66.0
227,0.125,A,38.12916667,-119.92194444,20140921,20140922,6109.0,20140922,176.0,48.0,109.0,0.0,1.1527827,54.75
228,0.0833333333333333,A,38.28388889,-119.86138889,20140720,20140722,6109.0,20140720,172.0,81.0,115.0,51.0,2.8500764,106.0
229,0.04,A,38.3575,-120.11638889,20130922,20130922,6109.0,20130922,86.0,-37.0,34.0,76.0,3.139489,66.0
230,0.1583333333333333,A,38.29555556,-119.75138889,20140720,20140721,6109.0,20140720,172.0,81.0,115.0,51.0,2.8500764,106.0
231,0.001,A,38.16055556,-119.66555556,20140921,20140930,6109.0,20140924,226.0,43.0,145.0,0.0,0.5521793,54.75
232,0.05,A,38.18916667,-119.99027778,20140815,20140815,6109.0,20140815,213.0,78.0,139.0,0.0,1.4442362,36.5
233,0.25,A,38.2494444,-119.8275,20101001,20101001,6109.0,20101001,193.0,87.0,133.0,0.0,0.42296427,76.75
234,0.15,B,38.16111111,-119.78444444,20140830,20140903,6109.0,20140831,251.0,86.0,176.0,0.0,2.7118943,38.5
235,0.8666666666666667,B,38.27972222,-119.92111111,20140813,20140815,6109.0,20140814,194.0,39.0,113.0,0.0,1.7888612000000002,36.5
236,0.01,A,38.18472222,-119.98888889,20140729,20140729,6109.0,20140729,202.0,85.0,126.0,25.0,2.6878176,67.5
237,0.0333333333333333,A,38.28888889,-119.91444444,20140719,20140721,6109.0,20140719,229.0,99.0,146.0,51.0,3.0402992,106.0
238,0.05,A,38.33388889,-120.03305556,20140715,20140716,6109.0,20140716,198.0,110.0,148.0,25.0,3.6286175,106.0
239,0.1,A,37.7927778,-119.945278,20101003,20101003,6109.0,20101003,88.0,42.0,63.0,76.0,1.2257621,76.75
240,0.15,B,38.16111111,-119.78444444,20140830,20140903,6109.0,20140901,209.0,95.0,148.0,0.0,1.2646309999999998,38.5
241,0.1,A,37.7694444,-119.935278,20101003,20101003,6109.0,20101003,88.0,42.0,63.0,76.0,1.2257621,76.75
242,0.0016666666666666,A,38.17611111,-119.85972222,20140823,20140828,6109.0,20140824,201.0,39.0,115.0,0.0,1.9577838,61.5
243,0.1,A,38.1591667,-120.0475,20101004,20101004,6109.0,20101004,51.0,-2.0,12.0,305.0,1.7090672999999998,76.75
244,0.01,A,38.20638889,-119.85777778,20120823,20120823,6109.0,20120823,267.0,67.0,164.0,0.0,2.4186869,65.75
245,0.01,A,38.3013889,-120.065278,20101004,20101004,6109.0,20101004,51.0,-2.0,12.0,305.0,1.7090672999999998,76.75
246,0.1,A,38.41972222,-120.04583333,20120729,20120729,6109.0,20120729,248.0,92.0,164.0,0.0,2.2549942,102.0
247,0.0016666666666666,A,38.17611111,-119.85972222,20140823,20140828,6109.0,20140828,232.0,77.0,145.0,0.0,1.9432949,61.5
248,0.001,A,38.16055556,-119.66555556,20140921,20140930,6109.0,20140921,137.0,43.0,86.0,0.0,2.0850492,54.75
249,0.5,B,38.2728,-120.9992,20100609,20100609,6109.0,20100609,128.0,79.0,106.0,0.0,3.8550317,126.0
250,2.766666666666667,B,38.05333333,-119.875,20140811,20140813,6109.0,20140813,201.0,118.0,160.0,0.0,2.251985,36.5
251,0.1,A,38.17083333,-119.86722222,20140913,20140913,6109.0,20140913,242.0,54.0,159.0,0.0,0.8944271999999999,42.0
253,0.1,A,38.43,-120.00138889,20120630,20120630,6109.0,20120630,207.0,61.0,132.0,0.0,2.8592587000000003,117.0
254,0.005,A,38.22138889,-119.90138889,20140827,20140828,6109.0,20140827,197.0,63.0,125.0,0.0,1.5306242,61.5
255,0.75,B,38.1775,-119.85888889,20120904,20120904,6109.0,20120904,252.0,31.0,147.0,0.0,1.1359615,61.25
256,0.12,A,37.99805556,-119.99527778,20130629,20130629,6109.0,20130629,271.0,127.0,185.0,0.0,2.9934773,126.0
257,0.05,A,38.23833333,-119.9775,20140812,20140813,6109.0,20140813,201.0,118.0,160.0,0.0,2.251985,36.5
258,0.2,A,38.24638889,-119.90638889,20140812,20140812,6109.0,20140812,211.0,83.0,152.0,0.0,1.4368039,47.0
259,0.05,A,38.2022222,-120.016111,20100803,20100803,6109.0,20100803,259.0,31.0,154.0,0.0,1.2369294,105.0
260,0.01,A,38.36444444,-119.88611111,20120806,20120806,6109.0,20120806,212.0,107.0,156.0,25.0,1.5926094,70.25
261,0.0016666666666666,A,38.17611111,-119.85972222,20140823,20140828,6109.0,20140826,167.0,48.0,101.0,0.0,2.1040263,61.5
262,2.0,B,38.33361111,-119.89833333,20130705,20130705,6109.0,20130705,213.0,141.0,169.0,0.0,3.346773600000001,17.0
263,0.25,A,38.19944444,-119.85805556,20120803,20120803,6109.0,20120803,223.0,136.0,169.0,0.0,1.25,102.0
264,0.1,A,38.17583333,-119.86111111,20120703,20120703,6109.0,20120703,238.0,98.0,157.0,0.0,2.6019287,117.0
265,10.05,B,38.22472222,-120.06805556,20120805,20120805,6109.0,20120805,202.0,66.0,135.0,0.0,1.7616258000000002,70.25
266,0.001,A,38.16055556,-119.66555556,20140921,20140930,6109.0,20140928,44.0,-22.0,8.0,102.0,1.9757043,59.5
267,0.25,A,38.34472222,-119.87388889,20130704,20130704,6109.0,20130704,213.0,112.0,160.0,0.0,2.5719519,17.0
268,0.1,A,38.32916667,-119.96083333,20130601,20130601,6109.0,20130601,168.0,64.0,119.0,0.0,0.55081475,27.0
269,0.0016666666666666,A,38.17611111,-119.85972222,20140823,20140828,6109.0,20140827,197.0,63.0,125.0,0.0,1.5306242,61.5
270,0.001,A,38.16055556,-119.66555556,20140921,20140930,6109.0,20140929,104.0,-25.0,42.0,0.0,1.4705452,59.5
271,0.001,A,38.16055556,-119.66555556,20140921,20140930,6109.0,20140930,110.0,16.0,67.0,0.0,1.8387214,59.5
272,2.766666666666667,B,38.05333333,-119.875,20140811,20140813,6109.0,20140812,211.0,83.0,152.0,0.0,1.4368039,47.0
273,0.001,A,38.16055556,-119.66555556,20140921,20140930,6109.0,20140927,39.0,-7.0,7.0,51.0,3.2754232999999995,59.5
274,0.01,A,38.2586111,-119.8725,20100814,20100814,6109.0,20100814,218.0,66.0,140.0,0.0,2.6617756,91.0
275,0.0016666666666666,A,38.17611111,-119.85972222,20140823,20140828,6109.0,20140823,162.0,45.0,97.0,0.0,2.236068,36.5
276,0.8666666666666667,B,38.27972222,-119.92111111,20140813,20140815,6109.0,20140813,201.0,118.0,160.0,0.0,2.251985,36.5
277,0.005,A,38.34333333,-119.78888889,20140711,20140712,6109.0,20140712,232.0,88.0,160.0,0.0,2.8491802,56.0
278,0.05,A,38.23833333,-119.9775,20140812,20140813,6109.0,20140812,211.0,83.0,152.0,0.0,1.4368039,47.0
279,0.1,A,38.12916667,-120.23972222,20140805,20140805,6109.0,20140805,148.0,41.0,90.0,0.0,2.0917208,47.0
280,884.0,E,38.2283333,-119.914167,20100809,20100809,6109.0,20100809,190.0,27.0,110.0,0.0,1.5926094,88.75
281,0.01,A,38.1622222,-120.100556,20100818,20100818,6109.0,20100818,202.0,73.0,143.0,0.0,1.5231655000000002,91.0
282,0.05,A,37.9636111,-120.134722,20101007,20101008,6109.0,20101007,57.0,-29.0,5.0,0.0,1.566045,86.5
283,99.6206896551724,F,37.895,-119.91805556,20080621,20080719,6109.0,20080707,283.0,73.0,178.0,0.0,0.88142437,104.0
284,0.01,A,38.28194444,-119.70583333,20060719,20060728,6109.0,20060726,246.0,115.0,181.0,0.0,2.997127,97.0
285,76.42857142857143,F,38.2525,-120.02916667,20130805,20130818,6109.0,20130805,227.0,71.0,141.0,0.0,2.5323746,45.5
286,0.05,A,37.999069,-120.368261,20040829,20040830,6109.0,20040829,265.0,39.0,154.0,0.0,1.263845,53.75
287,0.125,A,37.82194444,-120.03888889,20130803,20130804,6109.0,20130804,232.0,65.0,142.0,0.0,2.2506225,45.5
288,0.1,A,37.819856,-120.133392,20070116,20070116,6109.0,20070116,18.0,-89.0,-49.0,0.0,3.5767646,82.5
289,76.42857142857143,F,38.2525,-120.02916667,20130805,20130818,6109.0,20130808,176.0,43.0,93.0,0.0,2.9567688,4.0
290,0.1,A,38.040728,-120.221603,20070103,20070103,6109.0,20070103,40.0,-15.0,17.0,0.0,0.7778218000000001,82.5
291,1.0,B,38.050933,-120.413992,20070905,20070905,6109.0,20070905,152.0,0.0,74.0,0.0,1.1703827,90.0
293,0.1,A,37.805411,-120.272839,20010722,20010722,6109.0,20010722,227.0,50.0,126.0,0.0,2.0724216,105.0
294,0.1,A,37.888042,-120.535425,20070421,20070421,6109.0,20070421,47.0,-69.0,-9.0,51.0,2.0541213,124.5
295,0.2333333333333333,B,38.0825,-120.004167,20100920,20100922,6109.0,20100922,181.0,24.0,108.0,0.0,2.7127385,84.0
296,0.1,A,37.95455,-120.460469,20020806,20020806,6109.0,20020806,184.0,25.0,100.0,0.0,2.4925647,77.0
297,0.1,A,38.071139,-120.367881,20040828,20040828,6109.0,20040828,186.0,65.0,120.0,0.0,0.44653824,53.75
298,0.1,A,37.885422,-120.499153,20070905,20070905,6109.0,20070905,152.0,0.0,74.0,0.0,1.1703827,90.0
299,99.6206896551724,F,37.895,-119.91805556,20080621,20080719,6109.0,20080628,224.0,70.0,147.0,0.0,2.255845,125.0
300,5.0,B,37.84335,-120.508039,20050716,20050716,6109.0,20050716,237.0,107.0,181.0,0.0,2.1323514,105.5
301,0.1,A,37.848369,-120.5274,20020730,20020730,6109.0,20020730,234.0,76.0,168.0,0.0,2.5328429,77.0
302,0.1,A,37.87972222,-119.85694444,20080817,20080817,6109.0,20080817,242.0,94.0,147.0,0.0,3.0920072,94.0
303,0.0555555555555555,B,38.1144444,-120.181389,20101006,20101014,6109.0,20101006,41.0,-20.0,3.0,0.0,0.8845796,86.5
304,0.0333333333333333,A,38.14194444,-119.69111111,20060727,20060729,6109.0,20060727,253.0,132.0,184.0,0.0,2.701182,97.0
305,0.1666666666666666,B,38.16222222,-120.10388889,20130606,20130608,6109.0,20130608,216.0,119.0,160.0,0.0,1.5415584,117.0
306,1.5,B,37.942231,-120.447989,20070623,20070623,6109.0,20070623,215.0,86.0,149.0,0.0,3.0276961,100.0
307,0.01,A,37.87305556,-119.89972222,20090711,20090711,6109.0,20090711,192.0,115.0,147.0,0.0,1.5966539,120.0
308,14.0,C,37.95535,-120.404581,20040827,20040827,6109.0,20040827,159.0,-9.0,71.0,0.0,1.6096302,96.0
309,18.75,D,37.88944444,-120.17833333,20120725,20120801,6109.0,20120729,248.0,92.0,164.0,0.0,2.2549942,102.0
310,0.05,A,37.8533333,-119.895833,20101004,20101005,6109.0,20101005,98.0,13.0,36.0,178.0,0.57009304,76.75
311,0.01,A,38.28194444,-119.70583333,20060719,20060728,6109.0,20060727,253.0,132.0,184.0,0.0,2.701182,97.0
312,0.1,A,38.1147,-120.7875,20090711,20090711,6109.0,20090711,192.0,115.0,147.0,0.0,1.5966539,120.0
313,0.1,A,38.05655,-120.4238,19990722,19990722,6109.0,19990722,206.0,-7.0,99.0,0.0,2.0015993,82.0
314,0.01,A,38.35083333,-120.01861111,20091005,20091005,6109.0,20091005,41.0,-73.0,-23.0,25.0,0.4472204000000001,67.25
315,0.1,A,37.805461,-120.286869,19990718,19990718,6109.0,19990718,156.0,13.0,97.0,0.0,2.5961502,82.0
316,0.05,A,38.2438889,-119.991944,20101006,20101007,6109.0,20101006,41.0,-20.0,3.0,0.0,0.8845796,86.5
317,0.05,A,37.8533333,-119.895833,20101004,20101005,6109.0,20101004,51.0,-2.0,12.0,305.0,1.7090672999999998,76.75
318,0.1,A,37.95535,-120.404581,19990709,19990709,6109.0,19990709,280.0,51.0,166.0,0.0,2.191004,119.0
319,3708.086956521739,G,37.86055556,-120.08305556,20130817,20131024,6109.0,20130824,137.0,73.0,103.0,0.0,2.1708388,81.0
320,76.42857142857143,F,38.2525,-120.02916667,20130805,20130818,6109.0,20130807,184.0,84.0,123.0,0.0,3.0048127,45.5
321,0.3,B,38.01375,-120.404831,20020802,20020802,6109.0,20020802,193.0,21.0,129.0,0.0,2.908425,77.0
322,0.1,A,37.985428,-120.367033,20060726,20060726,6109.0,20060726,246.0,115.0,181.0,0.0,2.997127,97.0
323,0.1,A,37.882978,-120.454147,20070418,20070418,6109.0,20070418,-33.0,-114.0,-86.0,25.0,4.8211303,124.5
324,1.5,B,38.07,-120.08833333,20070828,20070828,6109.0,20070828,196.0,76.0,110.0,127.0,1.372959,90.0
325,99.6206896551724,F,37.895,-119.91805556,20080621,20080719,6109.0,20080706,258.0,77.0,167.0,0.0,2.2770581,104.0
326,0.1,A,37.832969,-120.458561,20040904,20040904,6109.0,20040904,137.0,-23.0,61.0,0.0,1.6089673,53.75
327,2.0,B,37.955169,-120.423261,20040905,20040905,6109.0,20040905,191.0,26.0,109.0,0.0,0.6000061,53.75
328,0.1,A,38.020694,-120.222528,20070114,20070114,6109.0,20070114,-45.0,-216.0,-151.0,0.0,2.422063,82.5
329,0.5,B,38.38416667,-119.38472222,20090923,20090924,6109.0,20090923,211.0,63.0,127.0,0.0,1.1350679,71.2
330,0.1,A,37.955261,-120.240911,20020803,20020803,6109.0,20020803,217.0,76.0,137.0,0.0,3.0358572,77.0
331,0.1,A,37.717169,-120.436519,19990710,19990710,6109.0,19990710,207.0,91.0,131.0,0.0,2.2227268,119.0
332,1.1,B,37.816747,-120.278714,20050713,20050713,6109.0,20050713,236.0,118.0,172.0,0.0,1.8384737,105.5
333,0.25,A,38.37972222,-119.90944444,20070828,20070828,6109.0,20070828,196.0,76.0,110.0,127.0,1.372959,90.0
334,0.1,A,37.999031,-120.386569,20020626,20020626,6109.0,20020626,247.0,91.0,160.0,0.0,3.2687924,103.667
335,4.0,B,37.969481,-120.277261,19990709,19990709,6109.0,19990709,280.0,51.0,166.0,0.0,2.191004,119.0
336,0.0025,A,38.16638889,-119.8025,20080822,20080825,6109.0,20080823,227.0,101.0,158.0,0.0,1.7867548,90.0
337,0.1,A,37.854061,-120.205261,20040908,20040908,6109.0,20040908,188.0,52.0,129.0,0.0,1.3606675,53.75
338,3708.086956521739,G,37.86055556,-120.08305556,20130817,20131024,6109.0,20130823,147.0,81.0,111.0,0.0,1.7459686,81.0
339,0.1,A,37.995456,-120.225075,20070113,20070113,6109.0,20070113,-90.0,-243.0,-157.0,0.0,1.5435268,82.5
340,18.75,D,37.88944444,-120.17833333,20120725,20120801,6109.0,20120730,203.0,116.0,158.0,0.0,1.4024693,102.0
341,2.0,B,37.717081,-120.361869,19990716,19990716,6109.0,19990716,143.0,14.0,95.0,0.0,2.8814144,119.0
342,0.05,A,37.999069,-120.368261,20040829,20040830,6109.0,20040830,207.0,84.0,145.0,0.0,1.7923445,53.75
343,0.7,B,38.12583333,-120.24805556,20121001,20121002,6109.0,20121002,212.0,70.0,127.0,0.0,0.73409766,59.0
345,0.1,A,37.838919,-120.241539,20020624,20020624,6109.0,20020624,227.0,46.0,144.0,0.0,2.2332218,103.667
346,0.1,A,38.042131,-120.350469,19990716,19990716,6109.0,19990716,143.0,14.0,95.0,0.0,2.8814144,119.0
347,0.3,B,37.969619,-120.222369,20040830,20040830,6109.0,20040830,207.0,84.0,145.0,0.0,1.7923445,53.75
348,0.25,A,37.99027778,-119.89416667,20090713,20090713,6109.0,20090713,215.0,68.0,141.0,0.0,1.3839898000000002,120.0
349,0.1,A,37.983281,-120.478931,19990713,19990713,6109.0,19990713,217.0,83.0,149.0,0.0,3.2182,119.0
350,1.0,B,37.854061,-120.205261,20000828,20000828,6109.0,20000828,208.0,78.0,124.0,0.0,1.5685095,69.5
351,55.0,D,37.998731,-120.258011,19990714,19990715,6109.0,19990715,207.0,109.0,148.0,0.0,3.2547915,119.0
352,0.005,A,38.28,-119.881944,20101001,20101002,6109.0,20101002,160.0,63.0,100.0,0.0,1.0511857,76.75
353,0.5,B,38.028061,-120.377653,20070419,20070419,6109.0,20070419,-20.0,-110.0,-60.0,0.0,1.1543493,124.5
354,0.1,A,37.8167,-120.2786,20050713,20050713,6109.0,20050713,236.0,118.0,172.0,0.0,1.8384737,105.5
355,76.42857142857143,F,38.2525,-120.02916667,20130805,20130818,6109.0,20130806,216.0,81.0,146.0,0.0,2.550003,45.5
356,55.0,D,37.998731,-120.258011,19990714,19990715,6109.0,19990714,242.0,71.0,173.0,0.0,3.5626568999999995,119.0
357,0.005,A,38.28,-119.881944,20101001,20101002,6109.0,20101001,193.0,87.0,133.0,0.0,0.42296427,76.75
358,0.1,A,37.83888889,-120.04472222,20080628,20080628,6109.0,20080628,224.0,70.0,147.0,0.0,2.255845,125.0
359,0.1,A,38.027719,-120.368589,20000828,20000828,6109.0,20000828,208.0,78.0,124.0,0.0,1.5685095,69.5
360,0.1,A,38.042131,-120.350469,19990726,19990726,6109.0,19990726,227.0,56.0,147.0,0.0,1.8124609,112.0
361,0.05,A,37.9636111,-120.134722,20101007,20101008,6109.0,20101008,103.0,-4.0,40.0,25.0,1.1374587,86.5
362,0.1,A,37.983811,-120.44195,20010723,20010723,6109.0,20010723,172.0,44.0,104.0,0.0,2.3967688,105.0
363,0.1666666666666666,B,38.16222222,-120.10388889,20130606,20130608,6109.0,20130606,196.0,101.0,138.0,25.0,2.359748,117.0
364,0.1,A,37.996981,-120.236892,20070722,20070722,6109.0,20070722,314.0,73.0,197.0,0.0,2.4699976,101.0
365,0.0152380952380952,B,38.1638889,-119.976111,20101009,20101029,6109.0,20101019,107.0,17.0,46.0,0.0,1.5308157,98.0
366,1.0,B,37.962839,-120.267358,20070722,20070722,6109.0,20070722,314.0,73.0,197.0,0.0,2.4699976,101.0
367,3708.086956521739,G,37.86055556,-120.08305556,20130817,20131024,6109.0,20130827,191.0,61.0,116.0,0.0,0.9580266,64.25
368,3.0,B,37.95535,-120.404581,19990815,19990815,6109.0,19990815,181.0,17.0,96.0,25.0,1.7279112,69.0
369,0.1,A,37.963786,-120.417567,20070722,20070722,6109.0,20070722,314.0,73.0,197.0,0.0,2.4699976,101.0
370,2.0,C,37.945,-120.2075,20090912,20090918,6109.0,20090918,221.0,65.0,136.0,0.0,0.97046494,71.2
371,0.0152380952380952,B,38.1638889,-119.976111,20101009,20101029,6109.0,20101018,94.0,40.0,62.0,51.0,0.951312,98.0
372,0.0152380952380952,B,38.1638889,-119.976111,20101009,20101029,6109.0,20101017,96.0,12.0,50.0,127.0,0.84077567,98.0
373,10.0,C,37.863111,-120.545939,20000822,20000822,6109.0,20000822,264.0,38.0,152.0,0.0,1.5902238000000002,69.5
374,55.0,D,38.385,-119.94777778,20120806,20120810,6109.0,20120806,212.0,107.0,156.0,25.0,1.5926094,70.25
375,3708.086956521739,G,37.86055556,-120.08305556,20130817,20131024,6109.0,20130826,161.0,87.0,121.0,0.0,1.0841627,64.25
376,0.05,A,38.28666667,-119.98166667,20070718,20070718,6109.0,20070718,192.0,58.0,120.0,0.0,2.7754056,101.0
377,0.005,A,38.40416667,-119.78277778,20130606,20130607,6109.0,20130607,288.0,57.0,174.0,0.0,2.1840363,117.0
378,0.1,A,37.853731,-120.223331,19990814,19990814,6109.0,19990814,192.0,40.0,108.0,0.0,2.421671,69.0
379,0.0152380952380952,B,38.1638889,-119.976111,20101009,20101029,6109.0,20101016,120.0,45.0,73.0,0.0,0.8324079,98.0
380,0.0152380952380952,B,38.1638889,-119.976111,20101009,20101029,6109.0,20101015,118.0,60.0,82.0,0.0,0.29546764,98.0
381,2.0,B,37.808967,-120.301583,20060716,20060716,6109.0,20060716,298.0,82.0,196.0,0.0,2.230893,80.5
382,0.0025,A,38.16638889,-119.8025,20080822,20080825,6109.0,20080825,214.0,80.0,144.0,0.0,1.6194195,90.0
383,2.0,B,37.9652,-120.441039,20060730,20060730,6109.0,20060730,188.0,87.0,134.0,0.0,3.1143692,97.0
384,1.0,B,37.706964,-120.433528,20050720,20050720,6109.0,20050720,298.0,92.0,206.0,0.0,1.504792,105.5
385,0.1,A,37.848431,-120.202272,20070703,20070703,6109.0,20070703,256.0,90.0,167.0,0.0,2.725236,72.0
386,1.0,B,37.95535,-120.404581,19981017,19981017,6109.0,19981017,91.0,-81.0,-12.0,0.0,2.2407496,75.5
387,0.0152380952380952,B,38.1638889,-119.976111,20101009,20101029,6109.0,20101023,28.0,3.0,14.0,203.0,1.5009716999999998,98.0
388,2.0,C,37.945,-120.2075,20090912,20090918,6109.0,20090917,209.0,64.0,134.0,0.0,0.6224214,71.2
389,0.0152380952380952,B,38.1638889,-119.976111,20101009,20101029,6109.0,20101022,115.0,-3.0,65.0,0.0,1.8027781000000005,98.0
390,100.3706896551724,B,38.11138889,-119.94388889,20080709,20080712,6109.0,20080709,230.0,127.0,176.0,0.0,1.9242247,104.0
391,25.5,D,38.0617,-120.3664,20070822,20070825,6109.0,20070824,249.0,106.0,168.0,0.0,1.2747153999999998,62.0
392,0.1,A,38.0276,-120.220961,20020614,20020614,6109.0,20020614,212.0,39.0,127.0,0.0,2.9232428,103.5
393,18.75,D,37.88944444,-120.17833333,20120725,20120801,6109.0,20120726,211.0,100.0,149.0,0.0,2.0945966,102.0
394,0.1,A,37.940389,-120.259281,20020823,20020823,6109.0,20020823,184.0,22.0,100.0,0.0,2.923848,68.5
395,0.1,A,38.0276,-120.220961,20020614,20020614,6109.0,20020614,212.0,39.0,127.0,0.0,2.9232428,103.5
396,0.3,B,37.98435,-120.368289,20010819,20010819,6109.0,20010819,221.0,106.0,158.0,0.0,2.1958613,95.0
397,0.1,A,37.983811,-120.222239,19990820,19990820,6109.0,19990820,232.0,92.0,148.0,0.0,1.5814625,69.0
398,0.1,A,38.0276,-120.220961,20020614,20020614,6109.0,20020614,212.0,39.0,127.0,0.0,2.9232428,103.5
399,0.005,A,38.40416667,-119.78277778,20130606,20130607,6109.0,20130606,196.0,101.0,138.0,25.0,2.359748,117.0
400,0.0152380952380952,B,38.1638889,-119.976111,20101009,20101029,6109.0,20101021,86.0,7.0,41.0,0.0,1.9516397,98.0
401,18.75,D,37.88944444,-120.17833333,20120725,20120801,6109.0,20120727,216.0,102.0,147.0,0.0,1.9366289,102.0
402,0.5,B,37.983811,-120.44195,19981021,19981021,6109.0,19981021,92.0,-42.0,12.0,0.0,1.6072248,75.5
403,1.0,B,37.969761,-120.404719,19981026,19981026,6109.0,19981026,-1.0,-45.0,-16.0,0.0,1.196037,75.5
404,0.0152380952380952,B,38.1638889,-119.976111,20101009,20101029,6109.0,20101020,122.0,7.0,61.0,0.0,0.73170626,98.0
405,0.5,B,38.22305556,-119.89694444,20070722,20070722,6109.0,20070722,314.0,73.0,197.0,0.0,2.4699976,101.0
406,0.1,A,37.983811,-120.44195,19990812,19990812,6109.0,19990812,153.0,4.0,94.0,25.0,2.4548883,69.0
407,0.1,A,38.11194444,-119.945,20080709,20080709,6109.0,20080709,230.0,127.0,176.0,0.0,1.9242247,104.0
408,0.0152380952380952,B,38.1638889,-119.976111,20101009,20101029,6109.0,20101014,153.0,34.0,84.0,0.0,0.58600235,98.0
409,0.1,A,37.997764,-120.443575,20070427,20070427,6109.0,20070427,163.0,8.0,86.0,0.0,0.4304613000000001,124.5
410,0.1,A,38.016803,-120.403692,20050717,20050717,6109.0,20050717,312.0,98.0,184.0,0.0,2.1029723,105.5
411,0.1,A,37.702589,-120.436469,20020816,20020816,6109.0,20020816,303.0,84.0,201.0,0.0,2.8325446,96.0
412,0.1,A,37.965244,-120.271064,20070906,20070906,6109.0,20070906,221.0,29.0,117.0,0.0,0.6876785,90.0
413,57.55555555555556,B,38.1144444,-120.181389,20101006,20101014,6109.0,20101009,119.0,7.0,59.0,0.0,2.111231,86.5
414,99.6206896551724,F,37.895,-119.91805556,20080621,20080719,6109.0,20080708,238.0,117.0,166.0,0.0,0.95126945,104.0
415,0.0152380952380952,B,38.1638889,-119.976111,20101009,20101029,6109.0,20101009,119.0,7.0,59.0,0.0,2.111231,86.5
416,1.0,B,38.042581,-120.423561,20020814,20020814,6109.0,20020814,275.0,105.0,180.0,0.0,2.5770762,96.0
417,0.0152380952380952,B,38.1638889,-119.976111,20101009,20101029,6109.0,20101010,144.0,41.0,83.0,0.0,1.5776216,86.5
418,0.2,A,38.041831,-120.220881,20020814,20020814,6109.0,20020814,275.0,105.0,180.0,0.0,2.5770762,96.0
419,0.125,A,37.82194444,-120.03888889,20130803,20130804,6109.0,20130803,212.0,54.0,132.0,0.0,2.482445,45.5
420,0.1,A,37.871117,-120.433092,20070826,20070826,6109.0,20070826,218.0,110.0,155.0,0.0,1.6620857,90.0
421,57.55555555555556,B,38.1144444,-120.181389,20101006,20101014,6109.0,20101008,103.0,-4.0,40.0,25.0,1.1374587,86.5
422,0.2333333333333333,B,38.0825,-120.004167,20100920,20100922,6109.0,20100921,156.0,55.0,97.0,0.0,1.2200011999999998,84.0
423,0.01,A,38.28194444,-119.70583333,20060719,20060728,6109.0,20060728,208.0,139.0,166.0,0.0,2.7420511000000003,97.0
424,3708.086956521739,G,37.86055556,-120.08305556,20130817,20131024,6109.0,20130825,195.0,62.0,139.0,0.0,1.8891604,81.0
425,0.1,A,38.13444444,-119.98333333,20060717,20060717,6109.0,20060717,238.0,120.0,178.0,152.0,1.8327323,80.5
426,0.05,A,38.2438889,-119.991944,20101006,20101007,6109.0,20101007,57.0,-29.0,5.0,0.0,1.566045,86.5
427,99.6206896551724,F,37.895,-119.91805556,20080621,20080719,6109.0,20080627,191.0,79.0,132.0,0.0,1.6140964,125.0
428,0.0555555555555555,B,38.1144444,-120.181389,20101006,20101014,6109.0,20101007,57.0,-29.0,5.0,0.0,1.566045,86.5
429,0.0555555555555555,B,38.1144444,-120.181389,20101006,20101014,6109.0,20101010,144.0,41.0,83.0,0.0,1.5776216,86.5
430,0.3,B,38.04155,-120.202531,19990801,19990801,6109.0,19990801,224.0,59.0,135.0,0.0,3.7884681,112.0
431,0.1666666666666666,B,38.16222222,-120.10388889,20130606,20130608,6109.0,20130607,288.0,57.0,174.0,0.0,2.1840363,117.0
432,0.0555555555555555,B,38.1144444,-120.181389,20101006,20101014,6109.0,20101014,153.0,34.0,84.0,0.0,0.58600235,98.0
433,3.0,C,38.06138889,-120.01361111,20080708,20080711,6109.0,20080709,230.0,127.0,176.0,0.0,1.9242247,104.0
434,1.0,B,38.070511,-120.4228,19990811,19990811,6109.0,19990811,201.0,6.0,100.0,0.0,2.5333161,112.0
435,0.0555555555555555,B,38.1144444,-120.181389,20101006,20101014,6109.0,20101013,162.0,31.0,86.0,0.0,1.3341701,86.5
436,3.0,C,38.06138889,-120.01361111,20080708,20080711,6109.0,20080708,238.0,117.0,166.0,0.0,0.95126945,104.0
437,0.3633333333333333,A,38.14194444,-119.69111111,20060727,20060729,6109.0,20060729,224.0,103.0,158.0,0.0,2.8017464,97.0
438,0.0152380952380952,B,38.1638889,-119.976111,20101009,20101029,6109.0,20101013,162.0,31.0,86.0,0.0,1.3341701,86.5
439,0.0333333333333333,A,38.14194444,-119.69111111,20060727,20060729,6109.0,20060728,208.0,139.0,166.0,0.0,2.7420511000000003,97.0
440,15.0,C,37.880081,-120.292331,19990808,19990808,6109.0,19990808,164.0,5.0,83.0,25.0,2.600006,112.0
441,0.01,A,37.98,-119.96333333,20070825,20070825,6109.0,20070825,271.0,74.0,189.0,0.0,1.5008358,62.0
442,0.1,A,37.808389,-120.13125,20010820,20010820,6109.0,20010820,207.0,57.0,131.0,25.0,1.9608444,95.0
443,0.0707936507936507,B,38.1638889,-119.976111,20101009,20101029,6109.0,20101012,151.0,12.0,75.0,0.0,1.784655,86.5
444,1.0,B,37.984289,-120.386269,20040817,20040817,6109.0,20040817,191.0,-17.0,126.0,0.0,2.1289713,96.0
445,18.75,D,37.88944444,-120.17833333,20120725,20120801,6109.0,20120728,191.0,90.0,141.0,0.0,2.734408,102.0
446,0.0707936507936507,B,38.1638889,-119.976111,20101009,20101029,6109.0,20101011,123.0,52.0,76.0,0.0,1.1121145,86.5
447,0.002,A,38.14527778,-119.77194444,20080828,20080901,6109.0,20080829,216.0,110.0,161.0,0.0,0.29731715,90.0
448,25.5,D,38.0617,-120.3664,20070822,20070825,6109.0,20070825,271.0,74.0,189.0,0.0,1.5008358,62.0
449,99.6206896551724,F,37.895,-119.91805556,20080621,20080719,6109.0,20080705,219.0,58.0,144.0,0.0,2.440495,104.0
450,0.5,B,37.925569,-120.460081,20000912,20000912,6109.0,20000912,241.0,68.0,132.0,0.0,0.2308713,95.0
451,0.2333333333333333,B,38.0825,-120.004167,20100920,20100922,6109.0,20100920,214.0,-15.0,97.0,0.0,1.5299925,87.0
452,0.1,A,37.895169,-120.57005,19990620,19990620,6109.0,19990620,227.0,62.0,137.0,0.0,2.1260726,130.0
453,76.42857142857143,F,38.2525,-120.02916667,20130805,20130818,6109.0,20130814,225.0,101.0,151.0,0.0,2.287118,4.0
454,0.1,A,37.9551,-120.277561,20050604,20050604,6109.0,20050604,132.0,10.0,79.0,0.0,2.4283617000000004,129.5
455,25.0,C,37.67365,-120.435139,19990618,19990618,6109.0,19990618,172.0,45.0,106.0,0.0,2.2503555,130.0
456,0.2,A,37.983931,-120.295119,20020712,20020712,6109.0,20020712,243.0,85.0,169.0,0.0,2.5983331,91.333
457,10.0,C,37.67365,-120.435139,20050605,20050606,6109.0,20050605,73.0,-12.0,38.0,0.0,3.7171144,129.5
458,10.0,C,37.67365,-120.435139,20050605,20050606,6109.0,20050606,37.0,-38.0,-3.0,0.0,4.234489,129.5
459,0.8800000000000001,B,38.1658333,-120.104167,20100819,20100823,6109.0,20100823,190.0,40.0,111.0,0.0,1.8635644,90.0
460,3.7,B,37.716683,-120.444411,20070709,20070709,6109.0,20070709,233.0,126.0,173.0,0.0,2.3158858,72.0
461,0.1,A,37.865139,-120.404708,20070325,20070325,6109.0,20070325,122.0,-10.0,72.0,0.0,1.4577359,89.5
462,0.025,A,38.13,-119.91583333,20070829,20070901,6109.0,20070901,214.0,72.0,143.0,0.0,1.4577447,90.0
463,0.1,A,38.35583333,-119.79222222,20060721,20060721,6109.0,20060721,200.0,120.0,144.0,0.0,2.2897427,97.0
464,0.1,A,38.021022,-120.247025,20070901,20070901,6109.0,20070901,214.0,72.0,143.0,0.0,1.4577447,90.0
465,0.1,A,37.919033,-120.451628,20070220,20070220,6109.0,20070220,85.0,-90.0,15.0,0.0,1.0729928999999998,89.5
466,0.05,A,38.35472222,-119.83888889,20060720,20060721,6109.0,20060721,200.0,120.0,144.0,0.0,2.2897427,97.0
467,0.3,A,38.027689,-120.275661,20050611,20050611,6109.0,20050611,120.0,10.0,68.0,0.0,3.8829532,129.5
468,2.0,B,37.983869,-120.27685,20010714,20010714,6109.0,20010714,157.0,31.0,103.0,0.0,2.4229372,105.0
469,0.1,A,37.969761,-120.404719,20050530,20050530,6109.0,20050530,117.0,-5.0,61.0,0.0,2.8960857000000004,133.0
470,0.2,A,37.969761,-120.404719,20000908,20000908,6109.0,20000908,207.0,15.0,129.0,0.0,1.7076686999999997,80.5
471,0.1,A,37.916603,-120.415203,20050123,20050123,6109.0,20050123,91.0,-14.0,26.0,0.0,2.6647525,86.0
472,0.5,B,37.981367,-120.391331,20050314,20050314,6109.0,20050314,73.0,-107.0,-29.0,0.0,4.742206,95.0
473,1.0,B,37.848822,-120.25225,20070831,20070831,6109.0,20070831,194.0,82.0,136.0,25.0,0.9340859,90.0
474,0.1,A,38.013611,-120.386469,20050416,20050416,6109.0,20050416,144.0,-17.0,47.0,0.0,1.3388065,127.5
475,0.01,A,38.28194444,-119.70583333,20060719,20060728,6109.0,20060721,200.0,120.0,144.0,0.0,2.2897427,97.0
476,0.1,A,37.88,-120.348269,20020720,20020720,6109.0,20020720,244.0,63.0,145.0,0.0,1.4327987,91.333
477,12.0,C,37.954831,-120.441819,20050503,20050503,6109.0,20050503,111.0,-23.0,39.0,0.0,2.1005924,133.0
478,0.025,A,38.13,-119.91583333,20070829,20070901,6109.0,20070831,194.0,82.0,136.0,25.0,0.9340859,90.0
479,0.1,A,38.46805556,-120.19861111,20091003,20091003,6109.0,20091003,124.0,16.0,81.0,0.0,3.2359543,70.0
480,0.1,A,37.885422,-120.499153,20070901,20070901,6109.0,20070901,214.0,72.0,143.0,0.0,1.4577447,90.0
481,0.1,A,37.910961,-120.460189,20000907,20000907,6109.0,20000907,174.0,4.0,95.0,0.0,1.0602268,80.5
482,99.6206896551724,F,37.895,-119.91805556,20080621,20080719,6109.0,20080703,224.0,101.0,159.0,0.0,3.220077,104.0
483,0.2,A,37.839219,-120.259981,19990621,19990621,6109.0,19990621,167.0,22.0,90.0,0.0,2.1068757,130.0
484,2.0,B,37.820039,-120.273169,20020710,20020710,6109.0,20020710,340.0,90.0,221.0,0.0,0.9904007,91.333
485,1.0,B,37.896869,-120.423061,20010714,20010714,6109.0,20010714,157.0,31.0,103.0,0.0,2.4229372,105.0
486,0.1,A,37.969989,-120.284231,20070217,20070217,6109.0,20070217,158.0,-47.0,29.0,0.0,3.2262793,89.5
487,99.6206896551724,F,37.895,-119.91805556,20080621,20080719,6109.0,20080701,213.0,47.0,134.0,0.0,2.316639,104.0
488,1.5,B,37.998739,-120.350031,20020711,20020711,6109.0,20020711,336.0,105.0,216.0,0.0,2.5821377999999995,91.333
489,76.42857142857143,F,38.2525,-120.02916667,20130805,20130818,6109.0,20130813,199.0,76.0,136.0,0.0,1.7520823,4.0
490,0.05,A,38.38055556,-119.98055556,20080816,20080817,6109.0,20080817,242.0,94.0,147.0,0.0,3.0920072,94.0
491,0.1,A,37.8963,-120.460081,19990521,19990521,6109.0,19990521,147.0,-4.0,73.0,0.0,2.5849628,97.5
492,0.01,A,38.28194444,-119.70583333,20060719,20060728,6109.0,20060723,210.0,113.0,160.0,0.0,1.7863097,97.0
493,0.8800000000000001,B,38.1658333,-120.104167,20100819,20100823,6109.0,20100822,166.0,70.0,113.0,0.0,1.8435816000000005,90.0
494,3708.086956521739,G,37.86055556,-120.08305556,20130817,20131024,6109.0,20130819,197.0,98.0,131.0,0.0,1.5394163,81.0
495,2.0,B,37.87915,-120.50975,20050622,20050622,6109.0,20050622,196.0,61.0,130.0,0.0,1.8670306,129.5
496,0.1,A,38.027719,-120.368589,19990610,19990610,6109.0,19990610,137.0,-54.0,55.0,0.0,3.9275942,98.0
497,0.8800000000000001,B,38.1658333,-120.104167,20100819,20100823,6109.0,20100819,198.0,75.0,133.0,0.0,1.9233769,91.0
498,76.42857142857143,F,38.2525,-120.02916667,20130805,20130818,6109.0,20130817,220.0,85.0,145.0,0.0,1.8533537,81.0
499,0.1,A,37.955169,-120.423261,19990608,19990608,6109.0,19990608,73.0,-77.0,11.0,0.0,3.6018069,137.0
500,0.7666666666666666,B,38.0025,-120.16333333,20130817,20130819,6109.0,20130817,220.0,85.0,145.0,0.0,1.8533537,81.0
501,0.1,A,37.824689,-120.259961,19990607,19990607,6109.0,19990607,108.0,-19.0,40.0,25.0,3.9048393,137.0
502,0.0025,A,38.16638889,-119.8025,20080822,20080825,6109.0,20080824,204.0,120.0,157.0,102.0,1.2676433,90.0
503,76.42857142857143,F,38.2525,-120.02916667,20130805,20130818,6109.0,20130818,221.0,94.0,153.0,0.0,1.3313577,81.0
504,0.1,A,38.16277778,-120.23722222,20090604,20090604,6109.0,20090604,128.0,-4.0,59.0,0.0,2.2621417,144.5
505,1.0,B,37.940411,-120.441711,20020715,20020715,6109.0,20020715,183.0,58.0,135.0,0.0,1.9500028000000005,91.333
506,0.1,A,37.824481,-120.2414,19990606,19990606,6109.0,19990606,140.0,45.0,92.0,0.0,3.6116672,137.0
507,3708.086956521739,G,37.86055556,-120.08305556,20130817,20131024,6109.0,20130818,221.0,94.0,153.0,0.0,1.3313577,81.0
508,0.7,B,38.12583333,-120.24805556,20121001,20121002,6109.0,20121001,262.0,34.0,135.0,0.0,1.8631659,59.0
509,0.1,A,38.01,-119.93111111,20090528,20090528,6109.0,20090528,215.0,36.0,124.0,0.0,2.4300080000000004,183.0
510,0.1,A,37.862669,-120.3656,20050623,20050623,6109.0,20050623,174.0,44.0,112.0,0.0,2.150587,126.0
511,1.0,B,38.028061,-120.377653,20070311,20070311,6109.0,20070311,134.0,-14.0,53.0,0.0,3.6378226,89.5
512,1.1,B,37.990725,-120.439678,20070313,20070313,6109.0,20070313,115.0,35.0,69.0,0.0,0.95858765,89.5
513,0.1,A,37.839089,-120.2234,19990601,19990601,6109.0,19990601,144.0,36.0,97.0,25.0,3.6563618,137.0
514,0.1,A,37.09888889,-119.08472222,20090529,20090529,6109.0,20090529,155.0,58.0,92.0,0.0,2.449997,183.0
515,0.2,A,38.00194444,-120.0675,20070831,20070831,6109.0,20070831,194.0,82.0,136.0,25.0,0.9340859,90.0
516,0.2,A,38.056689,-120.293519,20020717,20020717,6109.0,20020717,213.0,71.0,123.0,0.0,1.8423082,91.333
517,3708.086956521739,G,37.86055556,-120.08305556,20130817,20131024,6109.0,20130817,220.0,85.0,145.0,0.0,1.8533537,81.0
518,0.1,A,38.041831,-120.220881,20020719,20020719,6109.0,20020719,213.0,36.0,127.0,0.0,1.5853413,91.333
519,0.1,A,38.042581,-120.423561,19990617,19990617,6109.0,19990617,202.0,44.0,126.0,0.0,1.9292552,130.0
520,0.1,A,37.96945,-120.295511,20000909,20000909,6109.0,20000909,160.0,39.0,106.0,0.0,1.6769325000000002,95.0
521,0.1,A,38.042631,-120.442119,20050614,20050614,6109.0,20050614,142.0,26.0,89.0,0.0,1.980627,129.5
522,0.2,A,37.855686,-120.211803,20070705,20070705,6109.0,20070705,241.0,152.0,191.0,0.0,1.6918992,72.0
523,0.1,A,38.041275,-120.359083,20070228,20070228,6109.0,20070228,-69.0,-143.0,-112.0,0.0,3.37149,89.5
524,0.8800000000000001,B,38.1658333,-120.104167,20100819,20100823,6109.0,20100821,137.0,80.0,111.0,0.0,1.5227928999999998,91.0
525,0.005,A,38.17361111,-119.86722222,20130815,20130816,6109.0,20130815,182.0,109.0,141.0,0.0,1.6475394,81.0
526,0.01,A,38.06305556,-120.16722222,20070901,20070901,6109.0,20070901,214.0,72.0,143.0,0.0,1.4577447,90.0
527,76.42857142857143,F,38.2525,-120.02916667,20130805,20130818,6109.0,20130815,182.0,109.0,141.0,0.0,1.6475394,81.0
528,0.01,A,38.18416667,-120.00027778,20091001,20091001,6109.0,20091001,126.0,-53.0,43.0,0.0,2.3964188,70.0
529,0.005,A,38.17361111,-119.86722222,20130815,20130816,6109.0,20130816,256.0,77.0,177.0,0.0,1.1827056,81.0
530,0.01,A,38.28194444,-119.70583333,20060719,20060728,6109.0,20060722,246.0,106.0,165.0,102.0,1.8013633000000002,97.0
531,0.8800000000000001,B,38.1658333,-120.104167,20100819,20100823,6109.0,20100820,214.0,85.0,141.0,0.0,2.256413,91.0
532,3.0,B,37.880081,-120.292331,20010712,20010712,6109.0,20010712,211.0,28.0,123.0,0.0,2.3318965,105.0
533,76.42857142857143,F,38.2525,-120.02916667,20130805,20130818,6109.0,20130816,256.0,77.0,177.0,0.0,1.1827056,81.0
534,99.6206896551724,F,37.895,-119.91805556,20080621,20080719,6109.0,20080702,234.0,73.0,151.0,0.0,3.173854,104.0
535,3.1,B,37.983539,-120.460381,20010712,20010712,6109.0,20010712,211.0,28.0,123.0,0.0,2.3318965,105.0
536,0.7666666666666666,B,38.0025,-120.16333333,20130817,20130819,6109.0,20130819,197.0,98.0,131.0,0.0,1.5394163,81.0
537,18.75,D,37.88944444,-120.17833333,20120725,20120801,6109.0,20120731,253.0,110.0,172.0,0.0,1.5288239,102.0
538,0.1,A,37.706967,-120.433528,20070902,20070902,6109.0,20070902,226.0,95.0,157.0,0.0,1.5890195,90.0
540,0.1,A,37.990353,-120.22645,20070126,20070126,6109.0,20070126,54.0,-66.0,-12.0,0.0,0.566394,82.5
541,0.1,A,37.983131,-120.497381,19990402,19990402,6109.0,19990402,7.0,-160.0,-87.0,51.0,2.8426075,95.5
542,0.5,B,37.729622,-120.342706,20050707,20050707,6109.0,20050707,249.0,102.0,167.0,0.0,3.5692322,126.0
543,3708.086956521739,G,37.86055556,-120.08305556,20130817,20131024,6109.0,20130822,201.0,67.0,128.0,0.0,1.9866819,81.0
544,99.6206896551724,F,37.895,-119.91805556,20080621,20080719,6109.0,20080629,182.0,118.0,146.0,0.0,1.9200242,104.0
545,0.5,B,37.791139,-120.157531,19990416,19990416,6109.0,19990416,165.0,-57.0,45.0,0.0,2.4884758,95.5
546,0.1,A,38.027689,-120.275661,19990703,19990703,6109.0,19990703,174.0,90.0,127.0,0.0,2.4846767999999995,92.5
547,0.1,A,38.0573,-120.336753,20070904,20070904,6109.0,20070904,152.0,51.0,115.0,0.0,2.8998098,90.0
548,0.2,A,37.848339,-120.508919,20040926,20040926,6109.0,20040926,151.0,35.0,103.0,0.0,0.5299988,92.0
549,0.11,A,37.8364,-120.4761,20060719,20060719,6109.0,20060719,209.0,126.0,167.0,25.0,2.6682248,80.5
550,0.1,A,37.8798,-120.404519,20040927,20040927,6109.0,20040927,182.0,38.0,97.0,0.0,0.7741493,92.0
551,0.1,A,37.936031,-120.443956,20070126,20070126,6109.0,20070126,54.0,-66.0,-12.0,0.0,0.566394,82.5
552,1.3,B,37.805731,-120.306231,20020726,20020726,6109.0,20020726,282.0,35.0,163.0,0.0,2.0604062,77.0
553,5.5,B,37.96361111,-120.165,20070126,20070126,6109.0,20070126,54.0,-66.0,-12.0,0.0,0.566394,82.5
554,0.1,A,37.702439,-120.3992,19990702,19990702,6109.0,19990702,215.0,119.0,164.0,0.0,3.5449364,92.5
555,3708.086956521739,G,37.86055556,-120.08305556,20130817,20131024,6109.0,20130821,191.0,67.0,122.0,0.0,1.6611171999999998,81.0
556,0.1,A,38.030594,-120.419458,20070128,20070128,6109.0,20070128,-26.0,-76.0,-49.0,0.0,2.4093308,82.5
557,0.1,A,37.98305,-120.515769,19990704,19990704,6109.0,19990704,185.0,29.0,103.0,0.0,2.3436107999999995,92.5
558,0.1,A,38.020331,-120.385322,20050708,20050708,6109.0,20050708,213.0,86.0,149.0,25.0,3.1236024,105.5
559,0.1,A,37.706967,-120.433528,20070126,20070126,6109.0,20070126,54.0,-66.0,-12.0,0.0,0.566394,82.5
560,76.42857142857143,F,38.2525,-120.02916667,20130805,20130818,6109.0,20130810,186.0,29.0,108.0,0.0,2.476071,4.0
561,0.25,A,38.44166667,-119.77444444,20070829,20070829,6109.0,20070829,207.0,100.0,146.0,0.0,1.9502277,90.0
562,0.1,A,38.041831,-120.220881,20040914,20040914,6109.0,20040914,228.0,-23.0,96.0,0.0,1.3350573,52.75
563,0.5,B,37.985,-120.13277778,20091005,20091005,6109.0,20091005,41.0,-73.0,-23.0,25.0,0.4472204000000001,67.25
564,76.42857142857143,F,38.2525,-120.02916667,20130805,20130818,6109.0,20130809,165.0,39.0,109.0,0.0,2.3231084,4.0
565,0.025,A,38.13,-119.91583333,20070829,20070901,6109.0,20070829,207.0,100.0,146.0,0.0,1.9502277,90.0
566,2.0,B,37.940069,-120.460269,20000831,20000831,6109.0,20000831,145.0,22.0,69.0,0.0,2.0298808,80.5
567,0.7666666666666666,B,38.0025,-120.16333333,20130817,20130819,6109.0,20130818,221.0,94.0,153.0,0.0,1.3313577,81.0
568,0.25,A,38.265,-119.76472222,20070829,20070829,6109.0,20070829,207.0,100.0,146.0,0.0,1.9502277,90.0
569,0.1,A,37.95535,-120.404581,20040918,20040918,6109.0,20040918,75.0,8.0,49.0,0.0,2.3800259,52.75
570,0.2,A,37.689169,-120.324519,20041004,20041004,6109.0,20041004,139.0,32.0,75.0,0.0,1.5700328,53.25
571,0.2,A,38.048889,-120.389778,20050711,20050711,6109.0,20050711,265.0,91.0,173.0,0.0,2.5582743,105.5
572,0.1,A,37.8798,-120.404519,20040918,20040918,6109.0,20040918,75.0,8.0,49.0,0.0,2.3800259,52.75
573,2.0,B,37.935064,-120.443497,20050709,20050709,6109.0,20050709,147.0,82.0,118.0,0.0,3.0594099,105.5
574,3.0,B,37.983131,-120.497381,20000901,20000901,6109.0,20000901,98.0,12.0,36.0,0.0,2.1079385,80.5
575,0.2,A,37.674369,-120.324961,20020728,20020728,6109.0,20020728,243.0,63.0,157.0,0.0,2.3348258,77.0
576,0.1,A,37.972906,-120.394686,20070123,20070123,6109.0,20070123,101.0,-42.0,6.0,0.0,3.7682085,82.5
577,0.1,A,37.939081,-120.5158,20040921,20040921,6109.0,20040921,95.0,-48.0,25.0,0.0,1.6657965,52.75
578,0.2,A,37.970597,-120.471922,20070623,20070623,6109.0,20070623,215.0,86.0,149.0,0.0,3.0276961,100.0
579,0.1,A,38.01375,-120.404831,19990704,19990704,6109.0,19990704,185.0,29.0,103.0,0.0,2.3436107999999995,92.5
580,0.1,A,38.04235,-120.387081,19990319,19990319,6109.0,19990319,129.0,-41.0,27.0,0.0,3.7997084,95.5
581,0.1,A,38.027689,-120.275661,19990422,19990422,6109.0,19990422,-37.0,-117.0,-67.0,0.0,4.3009143,95.5
582,0.01,A,38.05694444,-119.8775,20080704,20080704,6109.0,20080704,195.0,52.0,121.0,0.0,2.6036327,104.0
583,0.1,A,37.98305,-120.515769,19990702,19990702,6109.0,19990702,215.0,119.0,164.0,0.0,3.5449364,92.5
584,0.01,A,38.28194444,-119.70583333,20060719,20060728,6109.0,20060720,220.0,93.0,133.0,76.0,1.8806697,80.5
585,0.1,A,37.989553,-120.365272,20070205,20070205,6109.0,20070205,107.0,25.0,55.0,0.0,3.7165148,89.5
586,6.5,B,37.716683,-120.444411,20070830,20070830,6109.0,20070830,176.0,85.0,126.0,0.0,0.68542576,90.0
587,0.1,A,38.11355,-120.366739,19990501,19990501,6109.0,19990501,116.0,-32.0,27.0,25.0,3.1382973,95.5
588,0.1,A,37.706964,-120.433528,20050705,20050705,6109.0,20050705,222.0,63.0,137.0,0.0,3.218607,126.0
589,1.0,B,37.926019,-120.423231,20041031,20041101,6109.0,20041031,72.0,-119.0,-38.0,0.0,1.4016084999999998,53.25
590,1.0,B,37.926019,-120.423231,20041031,20041101,6109.0,20041101,96.0,-132.0,-45.0,0.0,2.350525,53.25
591,0.025,A,38.13,-119.91583333,20070829,20070901,6109.0,20070830,176.0,85.0,126.0,0.0,0.68542576,90.0
592,40.0,C,37.863311,-120.490481,19990508,19990508,6109.0,19990508,93.0,-54.0,15.0,0.0,3.8796337,111.0
593,0.01,A,38.28194444,-119.70583333,20060719,20060728,6109.0,20060724,311.0,86.0,197.0,25.0,2.2726467,97.0
594,0.01,A,37.88,-119.86027778,20090629,20090629,6109.0,20090629,209.0,115.0,158.0,0.0,2.9317162,111.0
595,99.6206896551724,F,37.895,-119.91805556,20080621,20080719,6109.0,20080630,206.0,71.0,146.0,0.0,2.758786,104.0
596,1.0,B,37.953758,-120.264883,20070903,20070903,6109.0,20070903,269.0,97.0,189.0,0.0,1.7084756999999997,90.0
597,0.3,B,37.895169,-120.57005,20020706,20020706,6109.0,20020706,205.0,47.0,149.0,0.0,1.8200073,103.667
598,3708.086956521739,G,37.86055556,-120.08305556,20130817,20131024,6109.0,20130820,215.0,90.0,139.0,0.0,2.1151388,81.0
599,10.1,A,38.034339,-120.236047,20050701,20050701,6109.0,20050701,213.0,60.0,145.0,0.0,2.2033677000000003,126.0
600,0.1,A,38.045,-120.2261,20090627,20090627,6109.0,20090627,214.0,77.0,147.0,0.0,0.94626105,118.0
601,21.0,C,37.7844,-120.4675,20050701,20050701,6109.0,20050701,213.0,60.0,145.0,0.0,2.2033677000000003,126.0
602,0.05,A,38.35472222,-119.83888889,20060720,20060721,6109.0,20060720,220.0,93.0,133.0,76.0,1.8806697,80.5
603,2.0,B,37.790881,-120.24835,20000917,20000917,6109.0,20000917,263.0,12.0,133.0,0.0,0.35468343,95.0
604,0.05,A,38.305,-119.76527778,20060720,20060721,6109.0,20060721,200.0,120.0,144.0,0.0,2.2897427,97.0
605,0.05,A,38.305,-119.76527778,20060720,20060721,6109.0,20060720,220.0,93.0,133.0,76.0,1.8806697,80.5
606,0.2,A,37.84222222,-119.86722222,20080630,20080630,6109.0,20080630,206.0,71.0,146.0,0.0,2.758786,104.0
607,0.1,A,37.972222,-120.258544,20070128,20070128,6109.0,20070128,-26.0,-76.0,-49.0,0.0,2.4093308,82.5
608,0.2,A,38.056811,-120.368931,19990422,19990422,6109.0,19990422,-37.0,-117.0,-67.0,0.0,4.3009143,95.5
609,0.1,A,38.04155,-120.202531,20041008,20041008,6109.0,20041008,183.0,50.0,104.0,0.0,0.46572104,53.25
610,0.1,A,38.01375,-120.404831,19990422,19990422,6109.0,19990422,-37.0,-117.0,-67.0,0.0,4.3009143,95.5
611,0.0033333333333333,A,38.2188889,-119.7175,20100908,20100910,6109.0,20100910,157.0,-3.0,77.0,0.0,0.50990015,84.25
612,18.75,D,37.88944444,-120.17833333,20120725,20120801,6109.0,20120801,232.0,113.0,171.0,0.0,2.185163,102.0
613,0.1,A,38.01375,-120.404831,19990423,19990423,6109.0,19990423,-21.0,-111.0,-78.0,76.0,4.3499937000000015,95.5
614,76.42857142857143,F,38.2525,-120.02916667,20130805,20130818,6109.0,20130811,231.0,46.0,144.0,0.0,2.5691285,4.0
615,0.01,A,38.28194444,-119.70583333,20060719,20060728,6109.0,20060725,234.0,125.0,175.0,0.0,2.5012796,97.0
616,0.0152380952380952,B,38.1638889,-119.976111,20101009,20101029,6109.0,20101024,43.0,-13.0,27.0,838.0,3.816088,98.0
617,0.0033333333333333,A,38.2188889,-119.7175,20100908,20100910,6109.0,20100909,125.0,-17.0,51.0,0.0,2.2051044,84.25
618,0.5,B,37.847919,-120.47455,20000904,20000904,6109.0,20000904,142.0,-7.0,53.0,0.0,2.1114986,80.5
619,0.25,A,38.39638889,-119.81388889,20070903,20070903,6109.0,20070903,269.0,97.0,189.0,0.0,1.7084756999999997,90.0
620,10.0,C,37.878989,-120.4594,20000904,20000904,6109.0,20000904,142.0,-7.0,53.0,0.0,2.1114986,80.5
621,0.1,A,38.05655,-120.4238,19990625,19990625,6109.0,19990625,175.0,22.0,109.0,0.0,3.0192049,130.0
622,6.0,B,37.848969,-120.34415,20041021,20041021,6109.0,20041021,4.0,-102.0,-50.0,0.0,0.92194784,53.25
623,0.1,A,37.876275,-120.467169,20070204,20070204,6109.0,20070204,173.0,-66.0,18.0,0.0,2.7260582,89.5
624,76.42857142857143,F,38.2525,-120.02916667,20130805,20130818,6109.0,20130812,185.0,81.0,128.0,0.0,2.5947855,4.0
625,0.1,A,37.704639,-120.347322,20070205,20070205,6109.0,20070205,107.0,25.0,55.0,0.0,3.7165148,89.5
626,99.6206896551724,F,37.895,-119.91805556,20080621,20080719,6109.0,20080704,195.0,52.0,121.0,0.0,2.6036327,104.0
627,0.0033333333333333,A,38.2188889,-119.7175,20100908,20100910,6109.0,20100908,90.0,9.0,57.0,25.0,2.621228,84.25
628,0.5,B,38.38416667,-119.38472222,20090923,20090924,6109.0,20090924,200.0,96.0,138.0,0.0,0.48763895,70.0
629,0.3,B,37.983811,-120.222239,20040717,20040717,6109.0,20040717,224.0,103.0,157.0,0.0,2.7209086,69.75
630,0.3,B,37.7763,-120.268511,19990822,19990822,6109.0,19990822,203.0,17.0,109.0,0.0,0.7433057,69.0
631,0.05,A,38.10722222,-120.12722222,20060923,20060924,6109.0,20060924,198.0,-50.0,62.0,0.0,2.0081007,67.0
632,0.1,A,37.844358,-120.216394,20070808,20070808,6109.0,20070808,245.0,48.0,156.0,0.0,2.4545841,90.0
633,0.3,B,37.862219,-120.422831,20030705,20030705,6109.0,20030705,280.0,52.0,174.0,0.0,2.8317628,111.0
634,0.0476190476190476,B,38.25277778,-119.73722222,20070801,20070821,6109.0,20070808,245.0,48.0,156.0,0.0,2.4545841,90.0
635,0.125,A,38.38055556,-119.98861111,20070726,20070727,6109.0,20070727,241.0,89.0,156.0,0.0,2.2510884,101.0
636,0.1,A,38.1429,-120.366989,20031030,20031030,6109.0,20031030,10.0,-92.0,-43.0,0.0,3.5069776,59.75
637,0.0277777777777777,A,38.40611111,-119.94861111,20060921,20060929,6109.0,20060925,147.0,40.0,84.0,0.0,1.1510805,67.0
638,3.1,B,37.702439,-120.3992,20030704,20030704,6109.0,20030704,202.0,62.0,142.0,0.0,2.7920623,111.0
639,0.1,A,37.896669,-120.25925,20030703,20030703,6109.0,20030703,210.0,27.0,110.0,0.0,2.2818642,111.0
640,0.3,B,37.955261,-120.240911,20031105,20031105,6109.0,20031105,-13.0,-87.0,-57.0,0.0,0.95525265,90.0
641,5.0,B,37.731769,-120.342961,20000602,20000602,6109.0,20000602,208.0,-5.0,125.0,0.0,1.502071,93.0
642,0.1,A,37.996869,-120.497169,20000529,20000529,6109.0,20000529,110.0,-8.0,71.0,0.0,2.8359544,144.0
643,0.1,A,37.896489,-120.240539,20030702,20030702,6109.0,20030702,132.0,35.0,91.0,0.0,2.4716403,111.0
644,0.1,A,38.04005,-120.207714,20070809,20070809,6109.0,20070809,168.0,91.0,123.0,0.0,2.630081,90.0
645,1.0,B,38.042519,-120.405419,20000730,20000730,6109.0,20000730,266.0,118.0,192.0,0.0,2.3706512,80.0
646,1.5,B,37.969481,-120.277261,20031108,20031108,6109.0,20031108,21.0,-68.0,-26.0,25.0,2.7784936,59.75
647,161.0,D,38.3325,-119.91444444,20070809,20070809,6109.0,20070809,168.0,91.0,123.0,0.0,2.630081,90.0
648,1.0,B,38.042519,-120.405419,20000730,20000730,6109.0,20000730,266.0,118.0,192.0,0.0,2.3706512,80.0
649,0.1,A,38.027689,-120.275661,20031109,20031109,6109.0,20031109,-15.0,-62.0,-33.0,254.0,3.2996047,59.75
650,0.5,B,37.999683,-120.383536,20060820,20060820,6109.0,20060820,223.0,89.0,146.0,0.0,2.1476786,72.5
651,1.5,B,38.00833333,-120.04805556,20070727,20070727,6109.0,20070727,241.0,89.0,156.0,0.0,2.2510884,101.0
652,0.0476190476190476,B,38.25277778,-119.73722222,20070801,20070821,6109.0,20070809,168.0,91.0,123.0,0.0,2.630081,90.0
653,1.0,B,38.042519,-120.405419,20000730,20000730,6109.0,20000730,266.0,118.0,192.0,0.0,2.3706512,80.0
654,0.1,A,37.98305,-120.515769,20000529,20000529,6109.0,20000529,110.0,-8.0,71.0,0.0,2.8359544,144.0
655,227.03703703703704,G,38.175,-120.24916667,20090726,20090821,6109.0,20090807,89.0,7.0,44.0,0.0,2.094014,92.0
656,0.0277777777777777,A,38.40611111,-119.94861111,20060921,20060929,6109.0,20060924,198.0,-50.0,62.0,0.0,2.0081007,67.0
657,0.1,A,38.056769,-120.386961,20031020,20031020,6109.0,20031020,220.0,31.0,108.0,0.0,0.7905627,59.75
658,0.3,B,37.987072,-120.413389,20070806,20070806,6109.0,20070806,136.0,73.0,99.0,0.0,1.9582877,90.0
659,0.0277777777777777,A,38.40611111,-119.94861111,20060921,20060929,6109.0,20060922,140.0,-31.0,44.0,0.0,1.4851995,67.0
660,0.2,A,37.98435,-120.368289,20030919,20030919,6109.0,20030919,195.0,27.0,104.0,0.0,0.5503667,89.0
661,0.01,A,38.22277778,-119.74166667,20080815,20080815,6109.0,20080815,233.0,125.0,174.0,0.0,2.1744916,94.0
662,0.1,A,37.824531,-120.2234,20030920,20030920,6109.0,20030920,200.0,46.0,109.0,0.0,0.5786986999999999,89.0
663,0.2,A,37.940411,-120.441711,20030922,20030922,6109.0,20030922,228.0,38.0,129.0,0.0,0.9551879,89.0
664,0.0476190476190476,B,38.25277778,-119.73722222,20070801,20070821,6109.0,20070806,136.0,73.0,99.0,0.0,1.9582877,90.0
665,0.05,A,38.10722222,-120.12722222,20060923,20060924,6109.0,20060923,96.0,-36.0,30.0,0.0,3.1598053,67.0
666,0.05,A,38.38055556,-119.98055556,20080816,20080817,6109.0,20080816,242.0,129.0,172.0,0.0,2.6617756,94.0
667,0.05,A,37.969639,-120.423361,20030923,20030924,6109.0,20030923,244.0,58.0,134.0,0.0,1.0630149,90.0
668,0.05,A,37.969639,-120.423361,20030923,20030924,6109.0,20030924,267.0,33.0,137.0,0.0,2.1002152,90.0
669,0.1,A,37.999031,-120.386569,20000604,20000604,6109.0,20000604,250.0,68.0,135.0,0.0,3.0702677000000005,93.0
670,0.3,B,38.019872,-120.388008,20070807,20070807,6109.0,20070807,190.0,43.0,120.0,0.0,2.6488485,90.0
671,0.2,A,37.882439,-120.259839,20030930,20030930,6109.0,20030930,230.0,34.0,137.0,0.0,0.058311507,90.0
672,1.0,B,37.674369,-120.324961,20000603,20000603,6109.0,20000603,194.0,-4.0,117.0,0.0,1.5302606,93.0
673,0.5,B,37.8536,-120.241439,20030709,20030709,6109.0,20030709,284.0,97.0,184.0,0.0,1.6349049,88.25
674,0.0476190476190476,B,38.25277778,-119.73722222,20070801,20070821,6109.0,20070807,190.0,43.0,120.0,0.0,2.6488485,90.0
675,0.1,A,37.99845,-120.4604,20031003,20031003,6109.0,20031003,131.0,39.0,77.0,0.0,1.8389714,59.75
676,0.3,B,37.955169,-120.423261,20031011,20031011,6109.0,20031011,212.0,-47.0,86.0,0.0,1.0307713,59.75
677,0.2,A,38.041831,-120.220881,20031018,20031018,6109.0,20031018,218.0,11.0,92.0,0.0,0.26925483,59.75
678,0.1277777777777777,A,38.40611111,-119.94861111,20060921,20060929,6109.0,20060923,96.0,-36.0,30.0,0.0,3.1598053,67.0
679,30.0,C,38.16138889,-119.83,20080722,20080722,6109.0,20080722,194.0,70.0,130.0,0.0,1.9300079,80.5
680,0.5,B,38.275,-120.04888889,20070710,20070711,6109.0,20070710,299.0,86.0,178.0,0.0,1.806243,72.0
681,0.1,A,37.98305,-120.515769,20000528,20000528,6109.0,20000528,155.0,30.0,100.0,0.0,2.6772542,144.0
682,0.1,A,38.02225,-120.25375,20070806,20070806,6109.0,20070806,136.0,73.0,99.0,0.0,1.9582877,90.0
683,0.0277777777777777,A,38.40611111,-119.94861111,20060921,20060929,6109.0,20060926,230.0,-15.0,90.0,0.0,1.0606623,67.0
684,1.0,B,37.716683,-120.444411,20070727,20070727,6109.0,20070727,241.0,89.0,156.0,0.0,2.2510884,101.0
685,0.1,A,37.983811,-120.44195,20040417,20040417,6109.0,20040417,40.0,-35.0,-1.0,25.0,2.381034,117.0
686,2.0,B,37.824761,-120.205381,20040421,20040421,6109.0,20040421,33.0,-68.0,-29.0,25.0,3.0045588,117.0
687,0.0277777777777777,A,38.40611111,-119.94861111,20060921,20060929,6109.0,20060929,199.0,55.0,115.0,0.0,0.72615206,67.0
688,3.0,B,37.938839,-120.534081,20040428,20040428,6109.0,20040428,103.0,-56.0,39.0,0.0,3.5730808,117.0
689,227.03703703703704,G,38.175,-120.24916667,20090726,20090821,6109.0,20090806,67.0,12.0,32.0,25.0,2.6027737,92.0
690,0.2,A,37.983811,-120.44195,20040430,20040430,6109.0,20040430,142.0,-57.0,42.0,0.0,0.7621614999999999,117.0
691,1.1,A,37.955261,-120.240911,20040502,20040502,6109.0,20040502,195.0,23.0,97.0,0.0,1.0470896,117.0
692,0.01,A,38.0675,-120.21722222,20080719,20080719,6109.0,20080719,237.0,89.0,166.0,0.0,2.1879878,80.5
693,0.1,A,37.983919,-120.240019,20000501,20000501,6109.0,20000501,154.0,18.0,80.0,0.0,1.7712453999999995,92.5
694,0.5,B,38.042131,-120.350469,20040506,20040506,6109.0,20040506,92.0,12.0,43.0,0.0,1.7067213,104.75
695,0.1,A,38.027719,-120.350289,20040410,20040410,6109.0,20040410,101.0,-34.0,18.0,0.0,1.4182374,122.25
696,0.1,A,37.9551,-120.277561,20040507,20040507,6109.0,20040507,153.0,76.0,107.0,0.0,2.1690972,104.75
697,0.1,A,37.955169,-120.423261,20030617,20030617,6109.0,20030617,237.0,71.0,139.0,0.0,2.1377606,117.0
698,0.1,A,38.027831,-120.257331,20000804,20000804,6109.0,20000804,177.0,71.0,124.0,0.0,2.0597358,73.5
699,99.6206896551724,F,37.895,-119.91805556,20080621,20080719,6109.0,20080719,237.0,89.0,166.0,0.0,2.1879878,80.5
700,0.2,A,38.027831,-120.257331,20000804,20000804,6109.0,20000804,177.0,71.0,124.0,0.0,2.0597358,73.5
701,0.1,A,37.96985,-120.3863,20040514,20040514,6109.0,20040514,179.0,-9.0,96.0,0.0,2.7577045,104.75
702,227.03703703703704,G,38.175,-120.24916667,20090726,20090821,6109.0,20090805,180.0,89.0,127.0,0.0,1.9799957,92.0
703,0.5,B,37.82083333,-119.8875,20061001,20061001,6109.0,20061001,140.0,31.0,79.0,51.0,0.81394756,81.5
704,0.1,A,37.81194444,-120.13666667,20061002,20061002,6109.0,20061002,108.0,23.0,62.0,0.0,1.3389907,81.5
705,0.1,A,38.027719,-120.368589,20040516,20040516,6109.0,20040516,137.0,2.0,68.0,0.0,3.0778697,104.75
706,0.25,B,38.03222222,-119.965,20120612,20120613,6109.0,20120613,179.0,63.0,123.0,0.0,2.4464092,113.75
707,0.01,A,38.33388889,-119.88944444,20080719,20080719,6109.0,20080719,237.0,89.0,166.0,0.0,2.1879878,80.5
708,0.0277777777777777,A,38.40611111,-119.94861111,20060921,20060929,6109.0,20060928,189.0,44.0,108.0,0.0,0.6774207,67.0
709,0.5,B,38.013611,-120.386469,20040406,20040406,6109.0,20040406,47.0,-42.0,-9.0,0.0,2.721566,122.25
710,0.0476190476190476,B,38.25277778,-119.73722222,20070801,20070821,6109.0,20070812,226.0,75.0,158.0,0.0,1.5733441,90.0
711,0.05,A,38.02472222,-119.99111111,20120906,20120907,6109.0,20120907,208.0,65.0,128.0,0.0,1.5890195,61.25
713,0.1,A,38.00638889,-120.21638889,20060926,20060926,6109.0,20060926,230.0,-15.0,90.0,0.0,1.0606623,67.0
715,0.0476190476190476,B,38.25277778,-119.73722222,20070801,20070821,6109.0,20070810,211.0,79.0,139.0,0.0,1.9163859,90.0
717,0.4,A,38.0283,-120.423461,20030627,20030627,6109.0,20030627,205.0,48.0,138.0,0.0,1.5345669,99.25
718,4.0,B,37.848369,-120.5274,20030625,20030625,6109.0,20030625,189.0,-10.0,90.0,0.0,0.9121904,117.0
719,0.0277777777777777,A,38.40611111,-119.94861111,20060921,20060929,6109.0,20060927,244.0,-9.0,103.0,0.0,1.3963485,67.0
720,6.0,B,37.848369,-120.5274,20030625,20030625,6109.0,20030625,189.0,-10.0,90.0,0.0,0.9121904,117.0
721,0.1,A,37.862739,-120.508919,20000802,20000802,6109.0,20000802,234.0,85.0,160.0,0.0,2.8151453,73.5
723,0.2,A,38.042131,-120.350469,20040313,20040313,6109.0,20040313,202.0,-71.0,36.0,0.0,0.86162627,122.25
724,0.102,A,37.81388889,-119.9425,20080828,20080828,6109.0,20080828,265.0,69.0,166.0,0.0,0.17719956,90.0
725,0.1,A,37.98435,-120.368289,20040321,20040321,6109.0,20040321,154.0,23.0,81.0,0.0,1.9233769,122.25
726,0.2,A,37.863311,-120.490481,20000512,20000512,6109.0,20000512,122.0,-69.0,43.0,0.0,1.0567881,100.5
727,0.1,A,37.919033,-120.451631,20060818,20060818,6109.0,20060818,185.0,78.0,123.0,0.0,0.83570325,72.5
728,0.1,A,37.98435,-120.368289,20040321,20040321,6109.0,20040321,154.0,23.0,81.0,0.0,1.9233769,122.25
729,0.0476190476190476,B,38.25277778,-119.73722222,20070801,20070821,6109.0,20070811,189.0,92.0,144.0,0.0,1.8069303,90.0
730,0.1,A,37.82888889,-119.85583333,20080828,20080828,6109.0,20080828,265.0,69.0,166.0,0.0,0.17719956,90.0
731,0.1,A,38.0276,-120.220961,20040325,20040325,6109.0,20040325,53.0,-45.0,-14.0,51.0,1.8200061,122.25
732,0.1,A,37.882831,-120.168889,20040403,20040403,6109.0,20040403,95.0,-29.0,28.0,0.0,1.840898,122.25
733,0.2,A,37.862219,-120.422831,20030630,20030630,6109.0,20030630,218.0,24.0,133.0,0.0,2.3305383,99.25
734,1.0,B,37.807072,-120.260133,20060824,20060824,6109.0,20060824,244.0,69.0,176.0,0.0,2.324325,72.5
735,0.0277777777777777,A,38.40611111,-119.94861111,20060921,20060929,6109.0,20060921,151.0,28.0,82.0,0.0,1.595245,67.0
736,0.1,A,38.012811,-120.2026,20030916,20030916,6109.0,20030916,184.0,109.0,138.0,0.0,2.366628,89.0
737,0.25,B,38.39694444,-119.8825,20070801,20070802,6109.0,20070801,215.0,102.0,156.0,0.0,1.8886307,101.0
738,0.1,A,37.71735,-120.34305,20010807,20010807,6109.0,20010807,263.0,97.0,158.0,0.0,1.36474,67.5
739,0.01,A,38.20388889,-119.97805556,20090811,20090811,6109.0,20090811,216.0,87.0,146.0,0.0,2.7961392000000003,75.5
740,3.0,B,37.848511,-120.365361,20030804,20030804,6109.0,20030804,168.0,-18.0,108.0,0.0,3.05369,109.0
741,2.0,B,37.969519,-120.240531,20000703,20000703,6109.0,20000703,146.0,12.0,75.0,0.0,3.1722684,92.0
742,178.0,D,38.40388889,-119.77944444,20060903,20060903,6109.0,20060903,167.0,99.0,128.0,0.0,1.4009018,67.0
743,3.1,B,37.968761,-120.478931,20000703,20000703,6109.0,20000703,146.0,12.0,75.0,0.0,3.1722684,92.0
744,0.1,A,37.96945,-120.295511,20030806,20030806,6109.0,20030806,186.0,25.0,106.0,0.0,2.7804484,109.0
745,0.1,A,37.955011,-120.295931,20000718,20000718,6109.0,20000718,221.0,47.0,121.0,0.0,2.0252917,111.0
746,227.03703703703704,G,38.175,-120.24916667,20090726,20090821,6109.0,20090811,216.0,87.0,146.0,0.0,2.7961392000000003,75.5
747,5.0,C,38.32638889,-119.96083333,20060831,20060904,6109.0,20060903,167.0,99.0,128.0,0.0,1.4009018,67.0
748,227.03703703703704,G,38.175,-120.24916667,20090726,20090821,6109.0,20090817,213.0,53.0,131.0,0.0,0.91065866,88.0
749,227.03703703703704,G,38.175,-120.24916667,20090726,20090821,6109.0,20090818,225.0,86.0,150.0,0.0,0.7648547,88.0
750,0.25,B,37.999031,-120.386569,20030723,20030724,6109.0,20030723,264.0,127.0,184.0,0.0,2.5317993,78.5
751,0.25,A,38.32694444,-119.72972222,20070710,20070710,6109.0,20070710,299.0,86.0,178.0,0.0,1.806243,72.0
752,0.25,B,38.39694444,-119.8825,20070801,20070802,6109.0,20070802,213.0,102.0,148.0,0.0,2.0436240000000003,90.0
753,5.0,C,38.32638889,-119.96083333,20060831,20060904,6109.0,20060902,196.0,92.0,139.0,0.0,1.059478,67.0
754,0.1,A,37.717169,-120.436519,20000702,20000702,6109.0,20000702,111.0,-22.0,57.0,0.0,2.9302647,92.0
755,0.0476190476190476,B,38.25277778,-119.73722222,20070801,20070821,6109.0,20070802,213.0,102.0,148.0,0.0,2.0436240000000003,90.0
756,31.5,C,37.7506,-120.3292,20060902,20060902,6109.0,20060902,196.0,92.0,139.0,0.0,1.059478,67.0
757,1.0,B,37.911219,-120.25915,20030816,20030816,6109.0,20030816,245.0,78.0,150.0,0.0,2.1833332000000003,71.5
758,5.0,C,38.32638889,-119.96083333,20060831,20060904,6109.0,20060901,208.0,52.0,125.0,0.0,0.104393944,67.0
759,0.01,A,38.00111111,-120.21694444,20070628,20070628,6109.0,20070628,189.0,64.0,121.0,0.0,3.2244253,100.0
760,0.1,A,37.925569,-120.460081,20030807,20030807,6109.0,20030807,149.0,-2.0,103.0,0.0,2.153907,109.0
761,0.2,A,37.824531,-120.2234,20030802,20030802,6109.0,20030802,158.0,53.0,91.0,51.0,2.3759255,109.0
762,0.0476190476190476,B,38.25277778,-119.73722222,20070801,20070821,6109.0,20070801,215.0,102.0,156.0,0.0,1.8886307,101.0
763,0.1,A,37.955261,-120.240911,20000713,20000713,6109.0,20000713,236.0,66.0,144.0,0.0,1.8159332,111.0
764,0.1,A,37.955983,-120.410933,20070628,20070628,6109.0,20070628,189.0,64.0,121.0,0.0,3.2244253,100.0
765,227.03703703703704,G,38.175,-120.24916667,20090726,20090821,6109.0,20090813,159.0,98.0,124.0,0.0,2.9410894,75.5
766,0.05,A,38.13277778,-119.90138889,20120710,20120711,6109.0,20120710,215.0,122.0,170.0,0.0,1.1484401000000002,93.0
767,10.0,C,37.897031,-120.332931,20000710,20000710,6109.0,20000710,167.0,17.0,96.0,0.0,2.7642176,111.0
768,0.1,A,37.983931,-120.295119,20010809,20010809,6109.0,20010809,262.0,91.0,167.0,0.0,2.0379694,95.0
769,5.0,B,37.8334,-120.42245,20000710,20000710,6109.0,20000710,167.0,17.0,96.0,0.0,2.7642176,111.0
770,0.01,A,37.87833333,-119.85388889,20070730,20070730,6109.0,20070730,209.0,130.0,167.0,0.0,2.6500092,101.0
771,1.0,B,38.017581,-120.257897,20070731,20070731,6109.0,20070731,233.0,122.0,172.0,0.0,1.8522485,101.0
772,227.03703703703704,G,38.175,-120.24916667,20090726,20090821,6109.0,20090814,136.0,72.0,102.0,0.0,3.3463132000000004,75.5
773,0.1,A,37.862739,-120.508919,20030728,20030728,6109.0,20030728,224.0,81.0,144.0,0.0,2.9049363,78.5
774,227.03703703703704,G,38.175,-120.24916667,20090726,20090821,6109.0,20090812,253.0,62.0,168.0,0.0,2.4698184,75.5
775,0.05,A,38.13277778,-119.90138889,20120710,20120711,6109.0,20120711,257.0,132.0,192.0,0.0,1.3703235,93.0
776,0.1,A,38.042131,-120.350469,20030729,20030729,6109.0,20030729,219.0,111.0,154.0,0.0,2.2561,78.5
777,1.0,B,37.984633,-120.285097,20070628,20070628,6109.0,20070628,189.0,64.0,121.0,0.0,3.2244253,100.0
778,0.01,A,38.20388889,-120.06861111,20080725,20080725,6109.0,20080725,202.0,127.0,163.0,0.0,1.7677472,94.0
779,227.03703703703704,G,38.175,-120.24916667,20090726,20090821,6109.0,20090815,171.0,35.0,97.0,0.0,1.6347758999999995,88.0
780,0.25,B,37.999031,-120.386569,20030723,20030724,6109.0,20030724,192.0,84.0,122.0,25.0,1.8384737,78.5
781,227.03703703703704,G,38.175,-120.24916667,20090726,20090821,6109.0,20090816,188.0,25.0,109.0,0.0,0.56824493,88.0
782,0.1,A,38.20861111,-120.005,20060904,20060904,6109.0,20060904,208.0,101.0,152.0,0.0,0.8895559999999999,67.0
783,0.2,A,37.96945,-120.295511,20000705,20000705,6109.0,20000705,130.0,30.0,78.0,0.0,3.1902533,92.0
784,0.05,A,38.05055556,-119.90555556,20090811,20090812,6109.0,20090812,253.0,62.0,168.0,0.0,2.4698184,75.5
785,5.0,C,38.32638889,-119.96083333,20060831,20060904,6109.0,20060904,208.0,101.0,152.0,0.0,0.8895559999999999,67.0
786,0.05,A,38.05055556,-119.90555556,20090811,20090812,6109.0,20090811,216.0,87.0,146.0,0.0,2.7961392000000003,75.5
787,3.5,B,37.895169,-120.57005,20000629,20000629,6109.0,20000629,234.0,60.0,117.0,102.0,2.670073,126.0
788,0.1,A,37.940489,-120.277639,20010807,20010807,6109.0,20010807,263.0,97.0,158.0,0.0,1.36474,67.5
789,0.3,B,37.983811,-120.44195,20030719,20030719,6109.0,20030719,246.0,98.0,145.0,0.0,2.6150393,88.25
790,0.1,A,38.1675,-120.05138889,20060827,20060827,6109.0,20060827,213.0,71.0,136.0,0.0,0.60415506,72.5
791,20.0,C,37.731631,-120.3622,20030826,20030826,6109.0,20030826,228.0,70.0,141.0,51.0,1.9516374,71.5
792,1.0,B,37.805461,-120.286869,20000724,20000724,6109.0,20000724,226.0,74.0,153.0,0.0,2.5124686,80.0
793,45.5,B,37.878989,-120.4594,20030827,20030827,6109.0,20030827,192.0,66.0,128.0,0.0,1.8806697,71.5
794,0.135,A,38.41694444,-119.75305556,20070804,20070804,6109.0,20070804,190.0,94.0,138.0,0.0,2.433113,90.0
795,0.5,B,37.8364,-120.2208,20060826,20060826,6109.0,20060826,183.0,61.0,116.0,0.0,1.1538206,72.5
796,0.1,A,38.05027778,-120.06777778,20060917,20060917,6109.0,20060917,135.0,21.0,77.0,0.0,1.5692291,67.0
797,0.0476190476190476,B,38.25277778,-119.73722222,20070801,20070821,6109.0,20070804,190.0,94.0,138.0,0.0,2.433113,90.0
798,10.5,C,37.79115,-120.28745,20030903,20030904,6109.0,20030903,189.0,59.0,107.0,76.0,1.1768691999999998,67.5
799,0.01,A,38.18944444,-120.00972222,20070728,20070728,6109.0,20070728,248.0,96.0,167.0,0.0,2.980063,101.0
800,0.1,A,37.807789,-120.22335,20030903,20030903,6109.0,20030903,189.0,59.0,107.0,76.0,1.1768691999999998,67.5
801,0.125,A,38.34416667,-119.97111111,20070804,20070805,6109.0,20070805,164.0,94.0,121.0,0.0,2.2663682,90.0
802,0.1,A,38.19888889,-120.01083333,20060919,20060919,6109.0,20060919,137.0,-8.0,76.0,0.0,2.0248466,67.0
803,0.2,A,37.848511,-120.365361,20000616,20000616,6109.0,20000616,205.0,44.0,119.0,0.0,1.3018858,133.0
804,0.0476190476190476,B,38.25277778,-119.73722222,20070801,20070821,6109.0,20070805,164.0,94.0,121.0,0.0,2.2663682,90.0
805,0.01,A,38.185,-119.97833333,20060920,20060920,6109.0,20060920,176.0,-42.0,64.0,0.0,1.0124221,67.0
806,227.03703703703704,G,38.175,-120.24916667,20090726,20090821,6109.0,20090809,188.0,49.0,116.0,0.0,0.7971213,75.5
807,10.5,C,37.79115,-120.28745,20030903,20030904,6109.0,20030904,249.0,58.0,143.0,0.0,1.5807928999999998,67.5
808,0.1,A,37.8798,-120.404519,20030713,20030713,6109.0,20030713,250.0,63.0,151.0,0.0,2.9060168,88.25
809,0.2,A,37.824481,-120.2414,20000613,20000613,6109.0,20000613,216.0,40.0,133.0,0.0,2.374738,133.0
810,227.03703703703704,G,38.175,-120.24916667,20090726,20090821,6109.0,20090808,160.0,28.0,90.0,0.0,1.7069821,75.5
811,0.2,A,37.9841,-120.40485,20000610,20000610,6109.0,20000610,109.0,-33.0,51.0,0.0,3.4750779,93.0
812,0.1,A,37.999031,-120.386569,20030711,20030711,6109.0,20030711,272.0,104.0,179.0,0.0,1.8779985,88.25
813,1.0,B,38.042581,-120.423561,20000620,20000620,6109.0,20000620,257.0,18.0,149.0,0.0,0.67601544,94.0
814,0.125,A,38.38055556,-119.98861111,20070726,20070727,6109.0,20070726,230.0,80.0,153.0,0.0,1.7826362,101.0
815,0.2,A,37.807861,-120.186989,20030826,20030826,6109.0,20030826,228.0,70.0,141.0,51.0,1.9516374,71.5
816,0.1,A,37.839644,-120.230197,20060827,20060827,6109.0,20060827,213.0,71.0,136.0,0.0,0.60415506,72.5
817,0.1,A,37.969519,-120.240531,20000627,20000627,6109.0,20000627,260.0,51.0,153.0,0.0,2.5967740000000004,126.0
818,227.03703703703704,G,38.175,-120.24916667,20090726,20090821,6109.0,20090819,232.0,81.0,155.0,0.0,1.3232229,88.0
819,0.0476190476190476,B,38.25277778,-119.73722222,20070801,20070821,6109.0,20070803,233.0,107.0,162.0,0.0,2.425969,90.0
820,0.1,A,38.027719,-120.368589,20000720,20000720,6109.0,20000720,262.0,76.0,157.0,0.0,2.5932596,80.0
821,0.1,A,38.011839,-120.205333,20070630,20070630,6109.0,20070630,205.0,62.0,132.0,0.0,2.3476365,100.0
822,7.0,C,38.32638889,-119.96083333,20060831,20060904,6109.0,20060831,195.0,39.0,114.0,0.0,0.98489785,67.0
823,0.1,A,38.02805,-120.386519,20000720,20000720,6109.0,20000720,262.0,76.0,157.0,0.0,2.5932596,80.0
824,227.03703703703704,G,38.175,-120.24916667,20090726,20090821,6109.0,20090810,177.0,87.0,126.0,0.0,1.456464,75.5
825,1.0,B,38.23222222,-120.12555556,20070803,20070803,6109.0,20070803,233.0,107.0,162.0,0.0,2.425969,90.0
826,0.5,B,37.717169,-120.436519,20000624,20000624,6109.0,20000624,219.0,63.0,114.0,51.0,2.1932874,94.0
827,0.3,B,37.839089,-120.2234,20030819,20030819,6109.0,20030819,250.0,105.0,175.0,0.0,2.1476743,71.5
828,0.5,B,37.717169,-120.436519,20000624,20000624,6109.0,20000624,219.0,63.0,114.0,51.0,2.1932874,94.0
829,227.03703703703704,G,38.175,-120.24916667,20090726,20090821,6109.0,20090820,213.0,129.0,167.0,0.0,2.2852778,88.0
830,0.01,A,38.20194444,-119.95138889,20090810,20090810,6109.0,20090810,177.0,87.0,126.0,0.0,1.456464,75.5
831,0.1,A,37.92595,-120.2778,20000624,20000624,6109.0,20000624,219.0,63.0,114.0,51.0,2.1932874,94.0
832,10.0,C,37.882978,-120.454147,20060829,20060829,6109.0,20060829,185.0,85.0,132.0,0.0,1.1442525,72.5
833,227.03703703703704,G,38.175,-120.24916667,20090726,20090821,6109.0,20090821,253.0,110.0,172.0,0.0,2.004221,88.0
834,3.0,B,37.731769,-120.342961,20030822,20030822,6109.0,20030822,163.0,40.0,107.0,0.0,1.5182189,71.5
835,2.0,B,38.04235,-120.387081,20000723,20000723,6109.0,20000723,269.0,49.0,183.0,0.0,2.0711908,80.0
836,1.0,B,38.3375,-119.78416667,20060828,20060828,6109.0,20060828,212.0,75.0,148.0,0.0,0.8560462999999999,72.5
837,0.75,B,38.07527778,-120.27888889,20090822,20090822,6109.0,20090822,261.0,87.0,169.0,0.0,2.3505130000000003,72.0
838,0.5,B,38.01375,-120.404831,20030825,20030825,6109.0,20030825,273.0,31.0,164.0,0.0,1.5845519,71.5
839,44.7,C,37.862369,-120.474581,20030826,20030827,6109.0,20030826,228.0,70.0,141.0,51.0,1.9516374,71.5
840,10.0,C,37.910719,-120.478469,20000621,20000621,6109.0,20000621,194.0,44.0,128.0,0.0,1.9500995,94.0
841,0.0152380952380952,B,38.1638889,-119.976111,20101009,20101029,6109.0,20101025,26.0,-49.0,-15.0,0.0,3.525978,98.0
842,0.5,B,37.98555556,-120.06638889,20061003,20061003,6109.0,20061003,109.0,37.0,71.0,0.0,1.2298441999999998,81.5
843,0.1,A,37.998731,-120.258011,20040519,20040519,6109.0,20040519,124.0,-35.0,26.0,0.0,3.4438405,93.0
844,0.5,B,38.02916667,-120.14777778,20090912,20090913,6109.0,20090912,197.0,60.0,119.0,0.0,2.3021762000000003,71.2
845,3.5,B,37.807861,-120.186989,20000817,20000817,6109.0,20000817,184.0,55.0,129.0,25.0,2.13712,69.5
846,99.6206896551724,F,37.895,-119.91805556,20080621,20080719,6109.0,20080713,216.0,84.0,144.0,0.0,2.6227417,80.5
847,0.1,A,37.983919,-120.240019,19990916,19990916,6109.0,19990916,177.0,66.0,116.0,0.0,0.60407466,103.0
848,0.1,A,37.965164,-120.393967,20060806,20060806,6109.0,20060806,187.0,66.0,124.0,0.0,2.163637,72.5
849,0.1,A,37.955169,-120.423261,20000817,20000817,6109.0,20000817,184.0,55.0,129.0,25.0,2.13712,69.5
850,0.005,A,38.29638889,-119.77722222,20080713,20080714,6109.0,20080713,216.0,84.0,144.0,0.0,2.6227417,80.5
851,0.0476190476190476,B,38.25277778,-119.73722222,20070801,20070821,6109.0,20070819,216.0,91.0,165.0,0.0,1.2903081,62.0
852,75.0,E,37.834381,-120.36485,19990909,19990912,6109.0,19990912,185.0,30.0,103.0,0.0,0.08601857,103.0
853,2.0,C,37.945,-120.2075,20090912,20090918,6109.0,20090913,171.0,41.0,97.0,25.0,1.8027756,71.2
854,0.25,A,37.78027778,-119.87333333,20090912,20090912,6109.0,20090912,197.0,60.0,119.0,0.0,2.3021762000000003,71.2
855,0.33,B,37.82194444,-120.03972222,20070819,20070819,6109.0,20070819,216.0,91.0,165.0,0.0,1.2903081,62.0
856,368.0,E,37.834381,-120.36485,19990909,19990912,6109.0,19990910,138.0,71.0,89.0,0.0,1.6819080000000002,66.5
857,0.5,B,37.880081,-120.292331,20020906,20020906,6109.0,20020906,122.0,66.0,92.0,127.0,2.0260777,91.0
858,0.3,B,37.994008,-120.47615,20071021,20071021,6109.0,20071021,63.0,-66.0,0.0,0.0,3.0018857000000003,91.0
859,8.0,B,37.9391,-120.2341,19990910,19990910,6109.0,19990910,138.0,71.0,89.0,0.0,1.6819080000000002,66.5
860,75.0,E,37.834381,-120.36485,19990909,19990912,6109.0,19990909,207.0,47.0,100.0,0.0,1.9235479,66.5
861,0.75,B,38.11138889,-119.94388889,20080709,20080712,6109.0,20080712,219.0,99.0,143.0,0.0,2.6732762,80.5
862,227.03703703703704,G,38.175,-120.24916667,20090726,20090821,6109.0,20090726,283.0,100.0,191.0,0.0,1.8388337,97.0
863,75.0,E,37.834381,-120.36485,19990909,19990912,6109.0,19990911,176.0,19.0,96.0,0.0,1.529481,103.0
864,227.03703703703704,G,38.175,-120.24916667,20090726,20090821,6109.0,20090727,239.0,98.0,159.0,0.0,2.306705,97.0
865,0.25,A,37.81611111,-120.16861111,20090912,20090912,6109.0,20090912,197.0,60.0,119.0,0.0,2.3021762000000003,71.2
866,99.6206896551724,F,37.895,-119.91805556,20080621,20080719,6109.0,20080714,221.0,82.0,135.0,229.0,3.4284093,80.5
867,0.1,A,37.955169,-120.423261,20040716,20040716,6109.0,20040716,218.0,91.0,145.0,0.0,2.246282,69.75
868,99.6256896551724,A,38.32055556,-119.81555556,20080714,20080715,6109.0,20080715,209.0,86.0,143.0,0.0,2.795469,80.5
869,5.0,B,37.955261,-120.240911,19991003,19991003,6109.0,19991003,188.0,35.0,91.0,0.0,0.63150036,60.5
870,0.005,A,38.17666667,-119.86194444,20120723,20120724,6109.0,20120724,175.0,93.0,136.0,0.0,2.2291012,106.0
871,0.1,A,37.819839,-120.287089,19991001,19991001,6109.0,19991001,232.0,27.0,132.0,0.0,1.3257532,60.5
872,1.0,B,37.969639,-120.423361,20040716,20040717,6109.0,20040716,218.0,91.0,145.0,0.0,2.246282,69.75
873,0.1,A,37.983281,-120.478931,20020920,20020920,6109.0,20020920,215.0,31.0,109.0,0.0,0.3858756,65.0
874,0.3,B,37.8497,-120.4639,20070701,20070701,6109.0,20070701,178.0,108.0,137.0,0.0,3.0161712000000005,72.0
875,1.0,B,37.969639,-120.423361,20040716,20040717,6109.0,20040717,224.0,103.0,157.0,0.0,2.7209086,69.75
876,0.01,A,38.35138889,-119.88444444,20080714,20080714,6109.0,20080714,221.0,82.0,135.0,229.0,3.4284093,80.5
877,0.15,B,38.14527778,-119.99027778,20061021,20061022,6109.0,20061021,135.0,-8.0,64.0,0.0,3.2262063,81.5
878,0.1,A,37.807861,-120.205239,19990927,19990927,6109.0,19990927,246.0,-14.0,95.0,0.0,1.6479394,60.5
879,0.1,A,37.969639,-120.423361,20040717,20040717,6109.0,20040717,224.0,103.0,157.0,0.0,2.7209086,69.75
880,0.01,A,38.23444444,-119.86694444,20080904,20080904,6109.0,20080904,194.0,88.0,138.0,0.0,0.5346024,89.0
881,5.0,B,37.895331,-120.551869,19990924,19990924,6109.0,19990924,234.0,27.0,126.0,0.0,1.7511106,60.5
882,0.0476190476190476,B,38.25277778,-119.73722222,20070801,20070821,6109.0,20070818,208.0,113.0,151.0,0.0,1.5449583999999998,62.0
883,0.1,A,37.879611,-120.49115,20040718,20040718,6109.0,20040718,213.0,90.0,144.0,0.0,2.6196384,63.0
884,0.01,A,38.29638889,-119.77722222,20080713,20080714,6109.0,20080714,221.0,82.0,135.0,229.0,3.4284093,80.5
885,2.0,C,37.945,-120.2075,20090912,20090918,6109.0,20090912,197.0,60.0,119.0,0.0,2.3021762000000003,71.2
886,1.1,A,37.896781,-120.204769,20020914,20020914,6109.0,20020914,223.0,77.0,140.0,0.0,0.6815448000000001,91.0
887,0.15,B,38.14527778,-119.99027778,20061021,20061022,6109.0,20061022,132.0,19.0,67.0,0.0,2.3547728,81.5
888,0.01,A,37.80055556,-119.88083333,20090912,20090912,6109.0,20090912,197.0,60.0,119.0,0.0,2.3021762000000003,71.2
889,0.0476190476190476,B,38.25277778,-119.73722222,20070801,20070821,6109.0,20070820,265.0,60.0,175.0,0.0,1.8027264,62.0
890,0.1,A,37.839219,-120.259981,19991005,19991005,6109.0,19991005,95.0,4.0,48.0,0.0,1.8392702,60.5
891,8.7,B,38.027781,-120.331661,20040722,20040722,6109.0,20040722,225.0,85.0,152.0,0.0,3.1036327,63.0
892,0.2,A,37.702589,-120.436469,19990909,19990909,6109.0,19990909,207.0,47.0,100.0,0.0,1.9235479,66.5
893,9.0,C,37.968511,-120.497389,20040801,20040802,6109.0,20040801,188.0,88.0,132.0,0.0,1.5415584,92.0
894,20.3,B,37.83415,-120.49055,19990827,19990827,6109.0,19990827,175.0,54.0,112.0,25.0,2.1225023,107.0
895,9.0,C,37.968511,-120.497389,20040801,20040802,6109.0,20040802,172.0,80.0,121.0,0.0,2.050613,92.0
896,25.5,D,38.0617,-120.3664,20070822,20070825,6109.0,20070822,218.0,107.0,160.0,0.0,2.7026622,62.0
897,0.1,A,37.955169,-120.423261,20040802,20040802,6109.0,20040802,172.0,80.0,121.0,0.0,2.050613,92.0
898,99.6206896551724,F,37.895,-119.91805556,20080621,20080719,6109.0,20080711,206.0,110.0,155.0,0.0,2.6076834,104.0
899,0.2,A,37.95535,-120.404581,20040802,20040802,6109.0,20040802,172.0,80.0,121.0,0.0,2.050613,92.0
900,0.1,A,37.983869,-120.27685,20040803,20040803,6109.0,20040803,245.0,13.0,145.0,0.0,1.7927036,92.0
901,0.75,B,38.11138889,-119.94388889,20080709,20080712,6109.0,20080711,206.0,110.0,155.0,0.0,2.6076834,104.0
902,2.0,B,37.819431,-120.403619,19990826,19990826,6109.0,19990826,189.0,23.0,91.0,25.0,1.0296056,107.0
903,0.1,A,37.999031,-120.386569,20040801,20040801,6109.0,20040801,188.0,88.0,132.0,0.0,1.5415584,92.0
904,0.1,A,37.998731,-120.258011,20020831,20020831,6109.0,20020831,217.0,57.0,124.0,0.0,1.096046,68.5
905,1.0,B,37.87925,-120.441139,20040806,20040806,6109.0,20040806,153.0,23.0,99.0,0.0,1.6905682,92.0
906,25.5,D,38.0617,-120.3664,20070822,20070825,6109.0,20070823,209.0,89.0,148.0,0.0,2.2269785,62.0
907,2.0,C,37.945,-120.2075,20090912,20090918,6109.0,20090916,267.0,35.0,140.0,0.0,1.8139484,71.2
908,0.75,B,38.11138889,-119.94388889,20080709,20080712,6109.0,20080710,251.0,114.0,177.0,0.0,2.9831707,104.0
909,2.0,B,37.8219,-120.4775,20070823,20070823,6109.0,20070823,209.0,89.0,148.0,0.0,2.2269785,62.0
910,0.0152380952380952,B,38.1638889,-119.976111,20101009,20101029,6109.0,20101029,77.0,-2.0,44.0,0.0,2.234386,98.0
911,0.0152380952380952,B,38.1638889,-119.976111,20101009,20101029,6109.0,20101028,150.0,76.0,101.0,0.0,3.104976,98.0
912,0.0152380952380952,B,38.1638889,-119.976111,20101009,20101029,6109.0,20101027,104.0,-79.0,22.0,51.0,2.6242921000000003,98.0
913,3.0,C,38.06138889,-120.01361111,20080708,20080711,6109.0,20080710,251.0,114.0,177.0,0.0,2.9831707,104.0
914,0.0152380952380952,B,38.1638889,-119.976111,20101009,20101029,6109.0,20101026,29.0,-77.0,-17.0,0.0,2.1792016,98.0
915,0.1,A,37.955169,-120.423261,20040811,20040811,6109.0,20040811,307.0,74.0,195.0,0.0,2.1375978,92.0
916,99.6206896551724,F,37.895,-119.91805556,20080621,20080719,6109.0,20080710,251.0,114.0,177.0,0.0,2.9831707,104.0
917,0.1,A,37.955169,-120.423261,20001008,20001008,6109.0,20001008,160.0,25.0,85.0,0.0,0.9859509,97.0
918,2.0,C,37.945,-120.2075,20090912,20090918,6109.0,20090915,162.0,37.0,93.0,0.0,1.7691808,71.2
919,3.0,C,38.06138889,-120.01361111,20080708,20080711,6109.0,20080711,206.0,110.0,155.0,0.0,2.6076834,104.0
920,1.7000000000000002,A,37.87915,-120.50975,19990909,19990909,6109.0,19990909,207.0,47.0,100.0,0.0,1.9235479,66.5
921,1.1,B,37.865353,-120.428406,20060805,20060805,6109.0,20060805,179.0,79.0,119.0,0.0,2.2205656000000005,97.0
922,0.3,A,38.056811,-120.368931,19990909,19990909,6109.0,19990909,207.0,47.0,100.0,0.0,1.9235479,66.5
923,0.1,A,37.925789,-120.259231,20010701,20010701,6109.0,20010701,249.0,76.0,165.0,0.0,1.4766529,101.5
924,0.5,B,38.02916667,-120.14777778,20090912,20090913,6109.0,20090913,171.0,41.0,97.0,25.0,1.8027756,71.2
925,0.1,A,37.955169,-120.423261,20020905,20020905,6109.0,20020905,154.0,49.0,90.0,0.0,1.4024669,91.0
926,2.0,C,37.945,-120.2075,20090912,20090918,6109.0,20090914,126.0,37.0,74.0,0.0,2.3627925,71.2
927,8.5,C,37.96985,-120.3863,19990903,19990904,6109.0,19990904,237.0,-15.0,102.0,0.0,0.8091961,66.5
928,99.6206896551724,F,37.895,-119.91805556,20080621,20080719,6109.0,20080712,219.0,99.0,143.0,0.0,2.6732762,80.5
929,0.05,A,38.02472222,-119.99111111,20120906,20120907,6109.0,20120906,148.0,83.0,109.0,0.0,1.208136,61.25
930,8.6,A,37.955169,-120.423261,19990903,19990903,6109.0,19990903,204.0,-2.0,96.0,0.0,2.0957067,66.5
931,0.5,B,37.834381,-120.36485,19990901,19990901,6109.0,19990901,99.0,-48.0,34.0,0.0,2.004894,107.0
932,0.1,A,38.038647,-120.229667,20070723,20070723,6109.0,20070723,227.0,99.0,157.0,0.0,2.796864,101.0
933,1.0,B,37.86833333,-119.87,20090724,20090724,6109.0,20090724,241.0,95.0,165.0,0.0,1.9532837,97.0
934,0.0476190476190476,B,38.25277778,-119.73722222,20070801,20070821,6109.0,20070821,254.0,108.0,171.0,0.0,2.0053163,62.0
935,18.75,D,37.88944444,-120.17833333,20120725,20120801,6109.0,20120725,238.0,75.0,153.0,0.0,2.0995438,102.0
936,0.1,A,38.14583333,-120.06083333,20061028,20061028,6109.0,20061028,137.0,27.0,68.0,0.0,2.2726405,81.5
937,0.1,A,37.955169,-120.423261,20040727,20040727,6109.0,20040727,224.0,70.0,145.0,0.0,2.931714,63.0
