,FIRE_SIZE,FIRE_SIZE_CLASS,LATITUDE,LONGITUDE,START_DATE,END_DATE,FIPS,DATE,tmax,tmin,tavg,prcp,aws,fmc
0,0.0316742081447963,B,41.82069,-110.88925,20130325,20131031,56023.0,20130616,198.0,62.0,127.0,0.0,1.1672572,145.5
1,0.003125,A,42.79472222,-110.90111111,20140611,20140712,56023.0,20140620,204.0,38.0,120.0,0.0,3.1259227000000003,124.5
2,0.0316742081447963,B,41.82069,-110.88925,20130325,20131031,56023.0,20130812,184.0,79.0,122.0,0.0,1.5182189,118.5
3,0.0316742081447963,B,41.82069,-110.88925,20130325,20131031,56023.0,20130903,195.0,88.0,136.0,51.0,1.903787,74.333
4,0.0316742081447963,B,41.82069,-110.88925,20130325,20131031,56023.0,20130805,272.0,96.0,161.0,0.0,3.5089068,106.25
5,0.0316742081447963,B,41.82069,-110.88925,20130325,20131031,56023.0,20131028,19.0,-31.0,-1.0,127.0,4.670682,90.5
6,0.1,A,43.15444444,-110.85916667,20131009,20131009,56023.0,20131009,69.0,-1.0,38.0,0.0,4.2313557,105.5
7,3.8333333333333335,C,41.90502,-110.41935,20130817,20130822,56023.0,20130819,260.0,72.0,172.0,0.0,1.1475669,155.0
8,0.0384615384615384,B,41.93722,-110.33903,20130904,20130916,56023.0,20130914,192.0,74.0,112.0,0.0,2.3032627,100.333
9,0.0052631578947368,A,42.3733,-110.95,20100721,20100808,56023.0,20100803,248.0,92.0,167.0,0.0,3.5003583,91.0
10,0.0316742081447963,B,41.82069,-110.88925,20130325,20131031,56023.0,20130819,260.0,72.0,172.0,0.0,1.1475669,155.0
11,0.0316742081447963,B,41.82069,-110.88925,20130325,20131031,56023.0,20130914,192.0,74.0,112.0,0.0,2.3032627,100.333
12,0.0316742081447963,B,41.82069,-110.88925,20130325,20131031,56023.0,20130417,37.0,-133.0,-58.0,25.0,4.110951999999998,48.25
13,0.0316742081447963,B,41.82069,-110.88925,20130325,20131031,56023.0,20130801,276.0,97.0,182.0,0.0,2.5533059,85.4
14,0.0316742081447963,B,41.82069,-110.88925,20130325,20131031,56023.0,20130711,206.0,102.0,154.0,0.0,2.4961803,153.75
15,3.8333333333333335,C,41.90502,-110.41935,20130817,20130822,56023.0,20130817,316.0,139.0,202.0,25.0,2.6637287,100.5
16,0.0316742081447963,B,41.82069,-110.88925,20130325,20131031,56023.0,20130522,167.0,2.0,85.0,0.0,3.2381852,182.0
17,0.0357142857142857,B,42.2228,-110.995,20130924,20131021,56023.0,20130925,51.0,-49.0,2.0,127.0,3.5598376000000003,105.5
18,3.533333333333333,C,42.18833333,-110.71722222,20140610,20140624,56023.0,20140620,204.0,38.0,120.0,0.0,3.1259227000000003,124.5
19,0.0316742081447963,B,41.82069,-110.88925,20130325,20131031,56023.0,20130402,108.0,-28.0,21.0,0.0,1.2485233999999998,41.5
20,0.00625,A,42.3106,-110.9725,20100724,20100808,56023.0,20100808,236.0,61.0,138.0,0.0,1.698535,152.0
21,0.003125,A,42.79472222,-110.90111111,20140611,20140712,56023.0,20140617,57.0,-15.0,16.0,229.0,3.8256223,124.5
22,0.0316742081447963,B,41.82069,-110.88925,20130325,20131031,56023.0,20130728,206.0,75.0,119.0,25.0,3.9118385,137.75
23,0.003125,A,42.79472222,-110.90111111,20140611,20140712,56023.0,20140703,268.0,95.0,158.0,0.0,4.174128,129.333
24,0.0316742081447963,B,41.82069,-110.88925,20130325,20131031,56023.0,20130427,103.0,-7.0,57.0,0.0,1.5358428999999998,160.0
25,0.00625,A,42.3106,-110.9725,20100724,20100808,56023.0,20100803,248.0,92.0,167.0,0.0,3.5003583,91.0
26,0.0316742081447963,B,41.82069,-110.88925,20130325,20131031,56023.0,20130826,219.0,96.0,146.0,0.0,3.4746706,119.5
27,0.5,B,41.81078,-110.97413,20130817,20130822,56023.0,20130822,204.0,99.0,141.0,0.0,2.4732363,119.5
28,0.0316742081447963,B,41.82069,-110.88925,20130325,20131031,56023.0,20130401,129.0,-18.0,44.0,0.0,2.2192392000000005,41.5
29,0.0316742081447963,B,41.82069,-110.88925,20130325,20131031,56023.0,20130604,159.0,8.0,76.0,0.0,1.4838446,44.75
30,0.1,A,43.18083333,-111.00861111,20150824,20150824,56023.0,20150824,221.0,83.0,147.0,0.0,3.6621375,57.0
31,0.0357142857142857,B,42.2228,-110.995,20130924,20131021,56023.0,20131009,69.0,-1.0,38.0,0.0,4.2313557,105.5
32,0.0316742081447963,B,41.82069,-110.88925,20130325,20131031,56023.0,20130615,180.0,-25.0,88.0,0.0,2.284727,136.2
33,0.0316742081447963,B,41.82069,-110.88925,20130325,20131031,56023.0,20131018,66.0,-83.0,-23.0,0.0,2.118355,90.5
34,0.0316742081447963,B,41.82069,-110.88925,20130325,20131031,56023.0,20131008,112.0,8.0,61.0,0.0,2.8146918,105.5
35,0.0316742081447963,B,41.82069,-110.88925,20130325,20131031,56023.0,20130411,92.0,-18.0,23.0,25.0,4.337779,164.5
36,0.0316742081447963,B,41.82069,-110.88925,20130325,20131031,56023.0,20130908,134.0,67.0,93.0,0.0,3.3348627,74.333
37,0.0316742081447963,B,41.82069,-110.88925,20130325,20131031,56023.0,20130520,109.0,10.0,51.0,25.0,4.537224299999999,145.5
38,0.0316742081447963,B,41.82069,-110.88925,20130325,20131031,56023.0,20130428,123.0,6.0,55.0,0.0,2.6443357000000005,52.5
39,0.0316742081447963,B,41.82069,-110.88925,20130325,20131031,56023.0,20130815,224.0,109.0,163.0,0.0,3.104099,75.6
40,0.0316742081447963,B,41.82069,-110.88925,20130325,20131031,56023.0,20130625,179.0,69.0,109.0,25.0,2.6342716,128.0
41,0.0357142857142857,B,42.2228,-110.995,20130924,20131021,56023.0,20131002,103.0,-3.0,42.0,25.0,3.2575238,105.5
42,0.5,B,41.81078,-110.97413,20130817,20130822,56023.0,20130817,316.0,139.0,202.0,25.0,2.6637287,100.5
43,0.0052631578947368,A,42.3733,-110.95,20100721,20100808,56023.0,20100723,200.0,84.0,139.0,25.0,3.1556044,101.5
44,0.0384615384615384,B,41.93722,-110.33903,20130904,20130916,56023.0,20130908,134.0,67.0,93.0,0.0,3.3348627,74.333
45,0.0316742081447963,B,41.82069,-110.88925,20130325,20131031,56023.0,20130511,188.0,54.0,121.0,25.0,0.8502415000000001,171.0
46,0.0316742081447963,B,41.82069,-110.88925,20130325,20131031,56023.0,20130416,9.0,-90.0,-40.0,25.0,3.1926973,48.25
47,0.0316742081447963,B,41.82069,-110.88925,20130325,20131031,56023.0,20130603,130.0,-7.0,78.0,0.0,4.221667299999999,44.75
48,0.02,A,42.97944444,-110.62222222,20140924,20140925,56023.0,20140924,238.0,76.0,133.0,0.0,1.9267691,135.0
49,0.0316742081447963,B,41.82069,-110.88925,20130325,20131031,56023.0,20130817,316.0,139.0,202.0,25.0,2.6637287,100.5
50,0.0357142857142857,B,42.2228,-110.995,20130924,20131021,56023.0,20130927,9.0,-13.0,-6.0,127.0,3.9274743,105.5
51,0.0316742081447963,B,41.82069,-110.88925,20130325,20131031,56023.0,20130521,153.0,1.0,76.0,0.0,3.1533072,182.0
52,0.0316742081447963,B,41.82069,-110.88925,20130325,20131031,56023.0,20130716,253.0,120.0,172.0,0.0,2.836509,95.0
53,0.0333333333333333,A,43.02555556,-110.9175,20150907,20150909,56023.0,20150908,204.0,13.0,100.0,0.0,2.269912,102.0
54,0.0316742081447963,B,41.82069,-110.88925,20130325,20131031,56023.0,20130919,131.0,-3.0,60.0,0.0,2.071831,125.0
55,0.0316742081447963,B,41.82069,-110.88925,20130325,20131031,56023.0,20130630,242.0,98.0,167.0,0.0,0.9617597,90.7779999999999
56,0.0316742081447963,B,41.82069,-110.88925,20130325,20131031,56023.0,20131021,117.0,-36.0,28.0,25.0,2.2971272000000003,90.5
57,0.003125,A,42.79472222,-110.90111111,20140611,20140712,56023.0,20140623,224.0,26.0,120.0,0.0,2.3021822,84.25
58,0.0316742081447963,B,41.82069,-110.88925,20130325,20131031,56023.0,20130723,258.0,77.0,166.0,0.0,3.6458838,82.6
59,0.0384615384615384,B,41.93722,-110.33903,20130904,20130916,56023.0,20130907,172.0,90.0,129.0,0.0,2.2276626,74.333
60,0.0316742081447963,B,41.82069,-110.88925,20130325,20131031,56023.0,20130916,160.0,60.0,108.0,0.0,2.7596114,100.333
61,0.0052631578947368,A,42.3733,-110.95,20100721,20100808,56023.0,20100808,236.0,61.0,138.0,0.0,1.698535,152.0
62,0.0357142857142857,B,42.2228,-110.995,20130924,20131021,56023.0,20131018,66.0,-83.0,-23.0,0.0,2.118355,90.5
63,0.0316742081447963,B,41.82069,-110.88925,20130325,20131031,56023.0,20130605,136.0,0.0,72.0,0.0,0.41339344,160.5
64,0.1,A,42.2386,-110.3275,20150913,20150913,56023.0,20150913,199.0,81.0,136.0,0.0,2.7280946,120.5
65,0.1,A,41.766897,-110.558211,20120702,20120702,56023.0,20120702,278.0,113.0,192.0,0.0,4.9671707000000005,91.833
66,0.5,B,41.82,-110.5356,20150825,20150825,56023.0,20150825,247.0,97.0,164.0,0.0,2.3012223,57.0
67,0.0316742081447963,B,41.82069,-110.88925,20130325,20131031,56023.0,20131001,112.0,27.0,62.0,0.0,2.8013134,105.5
68,0.0316742081447963,B,41.82069,-110.88925,20130325,20131031,56023.0,20130909,152.0,59.0,105.0,0.0,3.0918212000000005,74.333
69,3.533333333333333,C,42.18833333,-110.71722222,20140610,20140624,56023.0,20140614,103.0,-6.0,38.0,25.0,3.399536,157.0
70,0.0316742081447963,B,41.82069,-110.88925,20130325,20131031,56023.0,20130823,232.0,88.0,137.0,25.0,3.1734478,119.5
71,0.0357142857142857,B,42.2228,-110.995,20130924,20131021,56023.0,20131014,21.0,-14.0,3.0,76.0,4.201952,90.5
72,0.0316742081447963,B,41.82069,-110.88925,20130325,20131031,56023.0,20131002,103.0,-3.0,42.0,25.0,3.2575238,105.5
73,0.003125,A,42.79472222,-110.90111111,20140611,20140712,56023.0,20140705,210.0,86.0,151.0,0.0,2.482117,129.333
74,0.00625,A,42.3106,-110.9725,20100724,20100808,56023.0,20100730,273.0,102.0,176.0,0.0,4.2320657,91.0
75,0.0316742081447963,B,41.82069,-110.88925,20130325,20131031,56023.0,20130828,195.0,72.0,124.0,25.0,1.6155517,107.5
76,0.0357142857142857,B,42.2228,-110.995,20130924,20131021,56023.0,20131010,59.0,5.0,31.0,102.0,4.4119134,105.5
77,0.0316742081447963,B,41.82069,-110.88925,20130325,20131031,56023.0,20130421,110.0,-32.0,28.0,25.0,3.2066438,212.0
78,0.0384615384615384,B,41.93722,-110.33903,20130904,20130916,56023.0,20130909,152.0,59.0,105.0,0.0,3.0918212000000005,74.333
79,0.00625,A,42.3106,-110.9725,20100724,20100808,56023.0,20100731,272.0,101.0,180.0,0.0,2.1533551,91.0
80,0.003125,A,42.79472222,-110.90111111,20140611,20140712,56023.0,20140712,204.0,80.0,143.0,0.0,1.084619,101.142999999999
81,0.0316742081447963,B,41.82069,-110.88925,20130325,20131031,56023.0,20130424,106.0,-102.0,-8.0,0.0,3.698979,212.0
82,0.0052631578947368,A,42.3733,-110.95,20100721,20100808,56023.0,20100725,225.0,87.0,151.0,0.0,2.7987266,101.5
83,0.0316742081447963,B,41.82069,-110.88925,20130325,20131031,56023.0,20130902,152.0,105.0,130.0,25.0,2.000852,74.333
84,0.0333333333333333,A,43.02555556,-110.9175,20150907,20150909,56023.0,20150909,219.0,52.0,119.0,0.0,1.5074813,72.0
85,0.067388493859082,B,41.82069,-110.88925,20130325,20131031,56023.0,20130930,110.0,14.0,57.0,0.0,4.1733027,105.5
86,0.0316742081447963,B,41.82069,-110.88925,20130325,20131031,56023.0,20130529,110.0,15.0,48.0,51.0,2.9541273,159.5
87,0.0316742081447963,B,41.82069,-110.88925,20130325,20131031,56023.0,20130619,200.0,15.0,123.0,0.0,3.8111534,104.5
88,0.0316742081447963,B,41.82069,-110.88925,20130325,20131031,56023.0,20130326,46.0,-117.0,-32.0,25.0,3.061931,48.75
89,0.0316742081447963,B,41.82069,-110.88925,20130325,20131031,56023.0,20130706,249.0,59.0,140.0,0.0,3.5576367,153.75
90,0.003125,A,42.79472222,-110.90111111,20140611,20140712,56023.0,20140710,234.0,113.0,152.0,25.0,1.4722035,101.142999999999
91,0.0384615384615384,B,41.93722,-110.33903,20130904,20130916,56023.0,20130911,166.0,77.0,125.0,25.0,3.4296544,100.333
92,0.00625,A,42.3106,-110.9725,20100724,20100808,56023.0,20100801,203.0,96.0,138.0,0.0,3.3459343999999995,91.0
93,0.0316742081447963,B,41.82069,-110.88925,20130325,20131031,56023.0,20130813,228.0,35.0,123.0,0.0,2.4909832,118.5
94,0.0316742081447963,B,41.82069,-110.88925,20130325,20131031,56023.0,20130809,271.0,112.0,175.0,0.0,3.4958465,75.4
95,0.0357142857142857,B,42.2228,-110.995,20130924,20131021,56023.0,20130928,38.0,-24.0,2.0,0.0,3.5598339999999995,105.5
96,0.0357142857142857,B,42.2228,-110.995,20130924,20131021,56023.0,20130924,134.0,9.0,69.0,0.0,2.1225023,125.0
97,0.5,B,41.83914,-110.97811,20140705,20140706,56023.0,20140705,210.0,86.0,151.0,0.0,2.482117,129.333
98,0.1,A,43.77833333,-110.90194444,20140812,20140812,56023.0,20140812,255.0,88.0,158.0,25.0,2.6379712000000004,110.0
99,0.0384615384615384,B,41.93722,-110.33903,20130904,20130916,56023.0,20130906,259.0,97.0,152.0,0.0,2.5106580000000003,74.333
100,0.0316742081447963,B,41.82069,-110.88925,20130325,20131031,56023.0,20131011,31.0,-38.0,-4.0,0.0,2.3336258,105.5
101,0.0316742081447963,B,41.82069,-110.88925,20130325,20131031,56023.0,20130530,71.0,-7.0,36.0,0.0,2.7901666,159.5
102,0.0052631578947368,A,42.3733,-110.95,20100721,20100808,56023.0,20100724,269.0,47.0,151.0,0.0,1.3341701,101.5
103,0.0316742081447963,B,41.82069,-110.88925,20130325,20131031,56023.0,20131026,128.0,25.0,65.0,0.0,0.42296427,90.5
104,0.0316742081447963,B,41.82069,-110.88925,20130325,20131031,56023.0,20130420,67.0,-13.0,15.0,51.0,2.7212148,48.25
105,0.0384615384615384,B,41.93722,-110.33903,20130904,20130916,56023.0,20130913,140.0,56.0,86.0,25.0,2.7209184,100.333
106,3.533333333333333,C,42.18833333,-110.71722222,20140610,20140624,56023.0,20140622,181.0,16.0,93.0,0.0,0.22000122,84.25
107,0.0316742081447963,B,41.82069,-110.88925,20130325,20131031,56023.0,20130328,97.0,-56.0,16.0,0.0,2.2519705,41.5
108,0.0316742081447963,B,41.82069,-110.88925,20130325,20131031,56023.0,20130327,86.0,-63.0,0.0,25.0,0.5462604999999999,41.5
109,3.0,B,41.7736,-110.2997,20150902,20150903,56023.0,20150903,195.0,85.0,126.0,0.0,1.5002084,97.5
110,0.5,B,41.81078,-110.97413,20130817,20130822,56023.0,20130819,260.0,72.0,172.0,0.0,1.1475669,155.0
111,0.0316742081447963,B,41.82069,-110.88925,20130325,20131031,56023.0,20130526,183.0,34.0,100.0,0.0,2.0694075,159.5
112,0.0316742081447963,B,41.82069,-110.88925,20130325,20131031,56023.0,20130704,211.0,111.0,139.0,0.0,1.6492467,90.7779999999999
113,0.003125,A,42.79472222,-110.90111111,20140611,20140712,56023.0,20140616,88.0,7.0,50.0,76.0,2.2276735,124.5
114,0.0357142857142857,B,42.2228,-110.995,20130924,20131021,56023.0,20130929,126.0,14.0,76.0,0.0,1.5977898,105.5
115,0.01,A,42.69388889,-110.86027778,20140815,20140815,56023.0,20140815,233.0,74.0,147.0,25.0,3.4460757000000006,127.5
116,0.1,A,42.47861111,-110.83361111,20150707,20150707,56023.0,20150707,204.0,73.0,130.0,51.0,2.8571184,113.5
117,0.0316742081447963,B,41.82069,-110.88925,20130325,20131031,56023.0,20130806,228.0,96.0,156.0,0.0,1.7747721999999997,75.4
118,0.0666666666666666,A,42.65,-110.78611111,20150924,20150926,56023.0,20150924,202.0,82.0,133.0,0.0,1.8582586,105.0
119,0.0316742081447963,B,41.82069,-110.88925,20130325,20131031,56023.0,20130528,79.0,11.0,34.0,305.0,3.9145145,159.5
120,1.0,B,41.80606,-110.60564,20140610,20140610,56023.0,20140610,227.0,82.0,152.0,0.0,2.8306348,152.0
121,0.0316742081447963,B,41.82069,-110.88925,20130325,20131031,56023.0,20130810,251.0,77.0,145.0,0.0,2.6627028,75.4
122,0.0316742081447963,B,41.82069,-110.88925,20130325,20131031,56023.0,20130923,128.0,5.0,65.0,0.0,4.246477,125.0
123,0.0316742081447963,B,41.82069,-110.88925,20130325,20131031,56023.0,20130713,182.0,83.0,121.0,0.0,3.693880000000001,95.0
124,0.0316742081447963,B,41.82069,-110.88925,20130325,20131031,56023.0,20130527,97.0,9.0,53.0,0.0,2.6599712,159.5
125,0.0316742081447963,B,41.82069,-110.88925,20130325,20131031,56023.0,20130802,236.0,72.0,144.0,0.0,4.0867853,106.25
126,0.0316742081447963,B,41.82069,-110.88925,20130325,20131031,56023.0,20130621,173.0,32.0,100.0,0.0,2.208016,104.5
127,0.0316742081447963,B,41.82069,-110.88925,20130325,20131031,56023.0,20130423,-23.0,-134.0,-77.0,0.0,5.9350586,212.0
128,0.0316742081447963,B,41.82069,-110.88925,20130325,20131031,56023.0,20130920,156.0,0.0,75.0,0.0,2.2196426,125.0
129,0.003125,A,42.79472222,-110.90111111,20140611,20140712,56023.0,20140629,213.0,75.0,144.0,0.0,2.9026346000000003,145.0
130,3.533333333333333,C,42.18833333,-110.71722222,20140610,20140624,56023.0,20140615,113.0,0.0,61.0,0.0,3.4824512000000003,175.0
131,0.5,B,41.7975,-110.5367,20150823,20150823,56023.0,20150823,237.0,48.0,135.0,0.0,1.8703275,106.0
132,0.1,A,41.62701,-110.55681,20130620,20130620,56023.0,20130620,175.0,-22.0,71.0,25.0,4.4270625,104.5
133,0.05,A,42.6775,-110.81666667,20150924,20150925,56023.0,20150924,202.0,82.0,133.0,0.0,1.8582586,105.0
134,0.0316742081447963,B,41.82069,-110.88925,20130325,20131031,56023.0,20130325,55.0,-163.0,-71.0,25.0,0.335417,48.75
135,0.00625,A,42.3106,-110.9725,20100724,20100808,56023.0,20100725,225.0,87.0,151.0,0.0,2.7987266,101.5
136,0.0316742081447963,B,41.82069,-110.88925,20130325,20131031,56023.0,20130508,94.0,-3.0,45.0,0.0,3.9755402,201.0
137,3.533333333333333,C,42.18833333,-110.71722222,20140610,20140624,56023.0,20140612,228.0,29.0,135.0,0.0,2.56759,152.0
138,0.0316742081447963,B,41.82069,-110.88925,20130325,20131031,56023.0,20130929,126.0,14.0,76.0,0.0,1.5977898,105.5
139,0.005,A,42.6575,-110.73472222,20140710,20140711,56023.0,20140710,234.0,113.0,152.0,25.0,1.4722035,101.142999999999
140,0.1,A,42.51611111,-110.885,20130727,20130727,56023.0,20130727,204.0,77.0,134.0,0.0,1.8095257,137.75
141,0.0316742081447963,B,41.82069,-110.88925,20130325,20131031,56023.0,20130620,175.0,-22.0,71.0,25.0,4.4270625,104.5
142,0.0052631578947368,A,42.3733,-110.95,20100721,20100808,56023.0,20100731,272.0,101.0,180.0,0.0,2.1533551,91.0
143,0.0316742081447963,B,41.82069,-110.88925,20130325,20131031,56023.0,20131023,137.0,26.0,70.0,0.0,1.1516993,90.5
144,0.0357142857142857,B,42.2228,-110.995,20130924,20131021,56023.0,20131011,31.0,-38.0,-4.0,0.0,2.3336258,105.5
145,3.533333333333333,C,42.18833333,-110.71722222,20140610,20140624,56023.0,20140610,227.0,82.0,152.0,0.0,2.8306348,152.0
146,0.0316742081447963,B,41.82069,-110.88925,20130325,20131031,56023.0,20130709,265.0,82.0,174.0,25.0,3.747334200000001,153.75
147,0.0316742081447963,B,41.82069,-110.88925,20130325,20131031,56023.0,20131027,118.0,-18.0,38.0,0.0,2.300003,90.5
148,0.02,A,42.97944444,-110.62222222,20140924,20140925,56023.0,20140925,242.0,71.0,134.0,0.0,1.7390827000000002,135.0
149,0.0316742081447963,B,41.82069,-110.88925,20130325,20131031,56023.0,20130726,283.0,77.0,168.0,0.0,4.271168,82.6
150,0.0316742081447963,B,41.82069,-110.88925,20130325,20131031,56023.0,20130422,3.0,-133.0,-44.0,51.0,1.6573828000000002,212.0
151,0.0316742081447963,B,41.82069,-110.88925,20130325,20131031,56023.0,20130622,121.0,26.0,72.0,0.0,0.12999667,104.5
152,0.0357142857142857,B,42.2228,-110.995,20130924,20131021,56023.0,20131001,112.0,27.0,62.0,0.0,2.8013134,105.5
153,0.0052631578947368,A,42.3733,-110.95,20100721,20100808,56023.0,20100801,203.0,96.0,138.0,0.0,3.3459343999999995,91.0
154,0.0316742081447963,B,41.82069,-110.88925,20130325,20131031,56023.0,20130917,203.0,62.0,111.0,76.0,4.628472299999999,100.333
155,0.0316742081447963,B,41.82069,-110.88925,20130325,20131031,56023.0,20130913,140.0,56.0,86.0,25.0,2.7209184,100.333
156,0.003125,A,42.79472222,-110.90111111,20140611,20140712,56023.0,20140614,103.0,-6.0,38.0,25.0,3.399536,157.0
157,0.0316742081447963,B,41.82069,-110.88925,20130325,20131031,56023.0,20130803,260.0,67.0,149.0,0.0,2.1914580000000004,106.25
158,0.0316742081447963,B,41.82069,-110.88925,20130325,20131031,56023.0,20130330,115.0,-48.0,19.0,0.0,0.83361274,41.5
159,0.0316742081447963,B,41.82069,-110.88925,20130325,20131031,56023.0,20130827,216.0,85.0,128.0,25.0,3.7441828,119.5
160,0.0316742081447963,B,41.82069,-110.88925,20130325,20131031,56023.0,20130722,279.0,87.0,178.0,0.0,3.4644613,121.5
161,0.00625,A,42.3106,-110.9725,20100724,20100808,56023.0,20100802,260.0,91.0,169.0,0.0,3.5189984,91.0
162,0.1,A,42.3405556,-110.7725,20100829,20100829,56023.0,20100829,166.0,24.0,96.0,0.0,3.9910433,88.0
163,0.003125,A,42.79472222,-110.90111111,20140611,20140712,56023.0,20140613,191.0,57.0,120.0,0.0,5.0423155,152.0
164,2.3,B,42.22577,-110.86252,20130704,20130705,56023.0,20130704,211.0,111.0,139.0,0.0,1.6492467,90.7779999999999
165,0.003125,A,42.79472222,-110.90111111,20140611,20140712,56023.0,20140615,113.0,0.0,61.0,0.0,3.4824512000000003,175.0
166,0.0316742081447963,B,41.82069,-110.88925,20130325,20131031,56023.0,20131009,69.0,-1.0,38.0,0.0,4.2313557,105.5
167,0.003125,A,42.79472222,-110.90111111,20140611,20140712,56023.0,20140707,204.0,100.0,152.0,0.0,4.497219599999998,101.142999999999
168,0.0316742081447963,B,41.82069,-110.88925,20130325,20131031,56023.0,20131031,32.0,-27.0,-9.0,51.0,4.037925,113.0
169,0.0316742081447963,B,41.82069,-110.88925,20130325,20131031,56023.0,20130602,165.0,42.0,109.0,0.0,5.1989756,185.4
170,0.00625,A,42.3106,-110.9725,20100724,20100808,56023.0,20100726,277.0,80.0,159.0,0.0,3.0364568,91.0
171,0.0316742081447963,B,41.82069,-110.88925,20130325,20131031,56023.0,20130523,164.0,-11.0,70.0,0.0,2.7409022000000003,182.0
172,0.0316742081447963,B,41.82069,-110.88925,20130325,20131031,56023.0,20130426,162.0,-24.0,58.0,0.0,1.2778121,160.0
173,3.533333333333333,C,42.18833333,-110.71722222,20140610,20140624,56023.0,20140617,57.0,-15.0,16.0,229.0,3.8256223,124.5
174,0.0316742081447963,B,41.82069,-110.88925,20130325,20131031,56023.0,20130505,150.0,23.0,81.0,0.0,4.917567,49.5
175,3.533333333333333,C,42.18833333,-110.71722222,20140610,20140624,56023.0,20140623,224.0,26.0,120.0,0.0,2.3021822,84.25
176,0.003125,A,42.79472222,-110.90111111,20140611,20140712,56023.0,20140627,99.0,41.0,71.0,76.0,2.9107652,134.0
177,0.0316742081447963,B,41.82069,-110.88925,20130325,20131031,56023.0,20130624,192.0,51.0,119.0,0.0,3.378674,128.0
178,0.0316742081447963,B,41.82069,-110.88925,20130325,20131031,56023.0,20130510,180.0,-6.0,78.0,0.0,1.3999939,171.0
179,0.0316742081447963,B,41.82069,-110.88925,20130325,20131031,56023.0,20130418,-32.0,-174.0,-85.0,25.0,3.9554715,48.25
180,0.0316742081447963,B,41.82069,-110.88925,20130325,20131031,56023.0,20130701,240.0,118.0,177.0,0.0,3.70472,90.7779999999999
181,0.1,A,42.6,-110.80111111,20120905,20120905,56023.0,20120905,225.0,52.0,131.0,0.0,2.7108867,122.0
182,0.1,A,43.11694444,-110.66,20120712,20120712,56023.0,20120712,242.0,107.0,174.0,0.0,1.600129,71.5
183,0.0052631578947368,A,42.3733,-110.95,20100721,20100808,56023.0,20100726,277.0,80.0,159.0,0.0,3.0364568,91.0
184,0.0316742081447963,B,41.82069,-110.88925,20130325,20131031,56023.0,20130821,243.0,100.0,141.0,25.0,1.9226009,155.0
185,0.0316742081447963,B,41.82069,-110.88925,20130325,20131031,56023.0,20130708,251.0,83.0,147.0,0.0,3.8549817,153.75
186,0.0316742081447963,B,41.82069,-110.88925,20130325,20131031,56023.0,20130331,137.0,-59.0,20.0,0.0,0.6800724,41.5
187,0.003125,A,42.79472222,-110.90111111,20140611,20140712,56023.0,20140612,228.0,29.0,135.0,0.0,2.56759,152.0
188,0.0052631578947368,A,42.3733,-110.95,20100721,20100808,56023.0,20100802,260.0,91.0,169.0,0.0,3.5189984,91.0
189,0.0316742081447963,B,41.82069,-110.88925,20130325,20131031,56023.0,20130617,251.0,44.0,142.0,0.0,1.8868014,145.5
190,4.866666666666666,C,42.0228,-110.9192,20150810,20150812,56023.0,20150811,203.0,104.0,152.0,0.0,3.2111135,86.0
191,0.0316742081447963,B,41.82069,-110.88925,20130325,20131031,56023.0,20131013,60.0,9.0,24.0,51.0,3.4541144,90.5
192,0.00625,A,42.3106,-110.9725,20100724,20100808,56023.0,20100724,269.0,47.0,151.0,0.0,1.3341701,101.5
193,0.0316742081447963,B,41.82069,-110.88925,20130325,20131031,56023.0,20130717,285.0,98.0,173.0,178.0,0.5024940999999999,134.333
194,0.0316742081447963,B,41.82069,-110.88925,20130325,20131031,56023.0,20130901,224.0,79.0,154.0,0.0,1.9612211,107.5
195,3.533333333333333,C,42.18833333,-110.71722222,20140610,20140624,56023.0,20140621,190.0,72.0,122.0,0.0,3.3209634,84.25
196,0.0316742081447963,B,41.82069,-110.88925,20130325,20131031,56023.0,20130509,136.0,2.0,57.0,0.0,2.2466404,171.0
197,0.0316742081447963,B,41.82069,-110.88925,20130325,20131031,56023.0,20130425,132.0,-78.0,21.0,0.0,2.514538,212.0
198,0.0316742081447963,B,41.82069,-110.88925,20130325,20131031,56023.0,20130816,245.0,102.0,166.0,0.0,1.0406259,75.6
199,0.0666666666666666,A,42.65,-110.78611111,20150924,20150926,56023.0,20150926,230.0,81.0,142.0,0.0,1.6750001,98.5
200,0.0316742081447963,B,41.82069,-110.88925,20130325,20131031,56023.0,20130703,246.0,125.0,182.0,0.0,4.237927,90.7779999999999
201,0.003125,A,42.79472222,-110.90111111,20140611,20140712,56023.0,20140621,190.0,72.0,122.0,0.0,3.3209634,84.25
202,0.0316742081447963,B,41.82069,-110.88925,20130325,20131031,56023.0,20130906,259.0,97.0,152.0,0.0,2.5106580000000003,74.333
203,0.0316742081447963,B,41.82069,-110.88925,20130325,20131031,56023.0,20131017,44.0,-71.0,-17.0,0.0,1.2801496,90.5
204,0.0316742081447963,B,41.82069,-110.88925,20130325,20131031,56023.0,20130727,204.0,77.0,134.0,0.0,1.8095257,137.75
205,0.003125,A,42.79472222,-110.90111111,20140611,20140712,56023.0,20140628,124.0,23.0,74.0,0.0,2.073388,134.0
206,0.0384615384615384,B,41.93722,-110.33903,20130904,20130916,56023.0,20130916,160.0,60.0,108.0,0.0,2.7596114,100.333
207,0.05,A,42.1556,-110.8186,20150528,20150529,56023.0,20150529,121.0,0.0,55.0,51.0,3.2753818,180.0
208,0.0316742081447963,B,41.82069,-110.88925,20130325,20131031,56023.0,20130531,124.0,5.0,48.0,0.0,3.6472619,185.4
209,3.533333333333333,C,42.18833333,-110.71722222,20140610,20140624,56023.0,20140616,88.0,7.0,50.0,76.0,2.2276735,124.5
210,0.0316742081447963,B,41.82069,-110.88925,20130325,20131031,56023.0,20130924,134.0,9.0,69.0,0.0,2.1225023,125.0
211,0.003125,A,42.79472222,-110.90111111,20140611,20140712,56023.0,20140630,189.0,26.0,100.0,0.0,0.55227137,145.0
212,0.0357142857142857,B,42.2228,-110.995,20130924,20131021,56023.0,20131021,117.0,-36.0,28.0,25.0,2.2971272000000003,90.5
213,0.0316742081447963,B,41.82069,-110.88925,20130325,20131031,56023.0,20130928,38.0,-24.0,2.0,0.0,3.5598339999999995,105.5
214,0.0316742081447963,B,41.82069,-110.88925,20130325,20131031,56023.0,20131010,59.0,5.0,31.0,102.0,4.4119134,105.5
215,0.0316742081447963,B,41.82069,-110.88925,20130325,20131031,56023.0,20130419,18.0,-94.0,-19.0,102.0,3.1048357,48.25
216,0.0357142857142857,B,42.2228,-110.995,20130924,20131021,56023.0,20131013,60.0,9.0,24.0,51.0,3.4541144,90.5
217,0.003125,A,42.79472222,-110.90111111,20140611,20140712,56023.0,20140622,181.0,16.0,93.0,0.0,0.22000122,84.25
218,0.0316742081447963,B,41.82069,-110.88925,20130325,20131031,56023.0,20130524,163.0,-5.0,80.0,0.0,1.3717889,182.0
219,0.0316742081447963,B,41.82069,-110.88925,20130325,20131031,56023.0,20130721,213.0,101.0,157.0,0.0,3.6605089,121.5
220,0.0316742081447963,B,41.82069,-110.88925,20130325,20131031,56023.0,20130623,210.0,5.0,116.0,0.0,1.7991488000000002,128.0
221,0.1,A,42.99222222,-110.91694444,20150919,20150919,56023.0,20150919,136.0,-22.0,47.0,0.0,1.6405029999999998,111.0
222,0.0316742081447963,B,41.82069,-110.88925,20130325,20131031,56023.0,20130601,128.0,-11.0,63.0,0.0,2.323318,185.4
223,0.0316742081447963,B,41.82069,-110.88925,20130325,20131031,56023.0,20130618,193.0,77.0,132.0,0.0,2.5649369,104.5
224,0.1,A,43.0494444,-110.804722,20100802,20100802,56023.0,20100802,260.0,91.0,169.0,0.0,3.5189984,91.0
225,0.0316742081447963,B,41.82069,-110.88925,20130325,20131031,56023.0,20130506,149.0,21.0,72.0,0.0,2.4656436,49.5
226,1.0,B,41.742,-110.512,20130726,20130726,56023.0,20130726,283.0,77.0,168.0,0.0,4.271168,82.6
227,0.0316742081447963,B,41.82069,-110.88925,20130325,20131031,56023.0,20130807,270.0,112.0,192.0,0.0,0.79176515,75.4
228,0.003125,A,42.79472222,-110.90111111,20140611,20140712,56023.0,20140702,256.0,95.0,175.0,0.0,4.652960299999998,129.333
229,0.0316742081447963,B,41.82069,-110.88925,20130325,20131031,56023.0,20130525,152.0,32.0,87.0,0.0,4.573765799999999,182.0
230,0.0316742081447963,B,41.82069,-110.88925,20130325,20131031,56023.0,20130329,122.0,-23.0,33.0,0.0,1.1759608,41.5
231,0.0052631578947368,A,42.3733,-110.95,20100721,20100808,56023.0,20100730,273.0,102.0,176.0,0.0,4.2320657,91.0
232,0.0316742081447963,B,41.82069,-110.88925,20130325,20131031,56023.0,20131019,42.0,-42.0,6.0,0.0,1.8828242,90.5
233,0.003125,A,42.79472222,-110.90111111,20140611,20140712,56023.0,20140708,228.0,69.0,153.0,0.0,2.9760523,101.142999999999
234,0.0316742081447963,B,41.82069,-110.88925,20130325,20131031,56023.0,20130507,116.0,14.0,45.0,0.0,1.5008332,49.5
235,0.0357142857142857,B,42.2228,-110.995,20130924,20131021,56023.0,20131020,102.0,-29.0,28.0,0.0,2.7017345,90.5
236,0.0316742081447963,B,41.82069,-110.88925,20130325,20131031,56023.0,20130614,161.0,-4.0,70.0,0.0,3.630341000000001,136.2
237,0.0316742081447963,B,41.82069,-110.88925,20130325,20131031,56023.0,20130611,206.0,66.0,133.0,0.0,3.4792206,154.0
238,0.003125,A,42.79472222,-110.90111111,20140611,20140712,56023.0,20140706,285.0,101.0,184.0,0.0,2.517936,129.333
239,0.0384615384615384,B,41.93722,-110.33903,20130904,20130916,56023.0,20130904,262.0,98.0,158.0,0.0,1.7768731,74.333
240,0.003125,A,42.79472222,-110.90111111,20140611,20140712,56023.0,20140709,286.0,103.0,192.0,0.0,4.776271299999999,101.142999999999
241,0.0357142857142857,B,42.2228,-110.995,20130924,20131021,56023.0,20131012,53.0,-59.0,-9.0,25.0,0.60901606,90.5
242,0.0316742081447963,B,41.82069,-110.88925,20130325,20131031,56023.0,20130907,172.0,90.0,129.0,0.0,2.2276626,74.333
243,0.0316742081447963,B,41.82069,-110.88925,20130325,20131031,56023.0,20130831,205.0,104.0,150.0,0.0,1.6367058,107.5
244,0.1,A,42.75583333,-110.645,20150930,20150930,56023.0,20150930,219.0,55.0,119.0,0.0,1.917355,97.75
245,0.003125,A,42.79472222,-110.90111111,20140611,20140712,56023.0,20140704,262.0,69.0,158.0,0.0,3.4294010000000004,129.333
246,0.0384615384615384,B,41.93722,-110.33903,20130904,20130916,56023.0,20130905,259.0,98.0,165.0,25.0,1.5809482,74.333
247,0.0316742081447963,B,41.82069,-110.88925,20130325,20131031,56023.0,20130415,-11.0,-128.0,-57.0,25.0,2.7594990000000004,204.0
248,0.0357142857142857,B,42.2228,-110.995,20130924,20131021,56023.0,20131004,20.0,-31.0,-13.0,25.0,2.7060177000000003,105.5
249,0.5,B,41.81078,-110.97413,20130817,20130822,56023.0,20130818,224.0,114.0,166.0,0.0,1.2340546,100.5
250,0.5,B,41.81541,-110.66049,20130704,20130705,56023.0,20130705,220.0,58.0,136.0,0.0,3.9035614,153.75
251,0.0316742081447963,B,41.82069,-110.88925,20130325,20131031,56023.0,20130822,204.0,99.0,141.0,0.0,2.4732363,119.5
252,0.0316742081447963,B,41.82069,-110.88925,20130325,20131031,56023.0,20130915,125.0,65.0,88.0,25.0,3.0945852000000005,100.333
253,0.0316742081447963,B,41.82069,-110.88925,20130325,20131031,56023.0,20130804,270.0,81.0,168.0,0.0,1.6368585,106.25
254,3.8333333333333335,C,41.90502,-110.41935,20130817,20130822,56023.0,20130818,224.0,114.0,166.0,0.0,1.2340546,100.5
255,0.0316742081447963,B,41.82069,-110.88925,20130325,20131031,56023.0,20130719,280.0,76.0,167.0,0.0,0.83024895,134.333
256,0.0316742081447963,B,41.82069,-110.88925,20130325,20131031,56023.0,20131016,21.0,-62.0,-29.0,0.0,2.2857003,90.5
257,0.1,A,42.17805556,-110.45694444,20151002,20151002,56023.0,20151002,98.0,51.0,68.0,0.0,3.9176683,97.75
258,0.00625,A,42.3106,-110.9725,20100724,20100808,56023.0,20100806,264.0,88.0,165.0,0.0,1.7353104,152.0
259,0.0316742081447963,B,41.82069,-110.88925,20130325,20131031,56023.0,20131003,11.0,-54.0,-22.0,76.0,1.8200073,105.5
260,0.003125,A,42.79472222,-110.90111111,20140611,20140712,56023.0,20140611,191.0,44.0,120.0,0.0,2.4361502999999995,152.0
261,0.0316742081447963,B,41.82069,-110.88925,20130325,20131031,56023.0,20130926,65.0,-3.0,16.0,25.0,2.1664042,105.5
262,0.1,A,42.78583333,-110.7575,20140917,20140917,56023.0,20140917,243.0,95.0,169.0,0.0,0.49335515,138.0
263,0.1,A,43.1425,-110.97388889,20130921,20130921,56023.0,20130921,208.0,69.0,123.0,0.0,3.0846307,125.0
264,0.0316742081447963,B,41.82069,-110.88925,20130325,20131031,56023.0,20130922,120.0,25.0,87.0,0.0,3.8729007000000006,125.0
265,0.5,B,42.03878,-110.15732,20120628,20120628,56023.0,20120628,235.0,24.0,145.0,0.0,2.4186811,91.5
266,0.5,B,41.9387,-110.953,20140527,20140527,56023.0,20140527,198.0,10.0,108.0,0.0,1.1704645,126.75
267,0.0316742081447963,B,41.82069,-110.88925,20130325,20131031,56023.0,20130627,286.0,98.0,184.0,0.0,1.4187403,128.0
268,0.0316742081447963,B,41.82069,-110.88925,20130325,20131031,56023.0,20130410,6.0,-131.0,-53.0,25.0,1.2701511,164.5
269,0.0357142857142857,B,42.2228,-110.995,20130924,20131021,56023.0,20131007,192.0,1.0,78.0,0.0,2.4919484,105.5
270,0.0316742081447963,B,41.82069,-110.88925,20130325,20131031,56023.0,20131014,21.0,-14.0,3.0,76.0,4.201952,90.5
271,0.005,A,42.6575,-110.73472222,20140710,20140711,56023.0,20140711,235.0,83.0,141.0,178.0,4.254702,101.142999999999
272,1.0,B,41.7997,-110.6842,20150911,20150911,56023.0,20150911,245.0,53.0,130.0,0.0,0.91549164,72.0
273,0.00625,A,42.3106,-110.9725,20100724,20100808,56023.0,20100729,213.0,95.0,140.0,0.0,1.9313226000000003,91.0
274,4.866666666666666,C,42.0228,-110.9192,20150810,20150812,56023.0,20150812,237.0,100.0,156.0,0.0,3.1474197,86.0
275,0.0316742081447963,B,41.82069,-110.88925,20130325,20131031,56023.0,20130829,256.0,98.0,160.0,0.0,2.615895,107.5
276,0.0316742081447963,B,41.82069,-110.88925,20130325,20131031,56023.0,20130503,109.0,-60.0,36.0,0.0,0.7905694000000001,154.667
277,0.0316742081447963,B,41.82069,-110.88925,20130325,20131031,56023.0,20130502,78.0,-103.0,-3.0,0.0,6.2936435,154.667
278,0.00625,A,42.3106,-110.9725,20100724,20100808,56023.0,20100807,217.0,74.0,142.0,0.0,2.820016,152.0
279,0.0316742081447963,B,41.82069,-110.88925,20130325,20131031,56023.0,20130504,57.0,-11.0,19.0,25.0,3.7339406,154.667
280,0.0316742081447963,B,41.82069,-110.88925,20130325,20131031,56023.0,20130702,271.0,93.0,190.0,0.0,1.3829383,90.7779999999999
281,0.0316742081447963,B,41.82069,-110.88925,20130325,20131031,56023.0,20130729,207.0,65.0,109.0,330.0,3.1064355,137.75
282,0.0316742081447963,B,41.82069,-110.88925,20130325,20131031,56023.0,20131020,102.0,-29.0,28.0,0.0,2.7017345,90.5
283,0.0316742081447963,B,41.82069,-110.88925,20130325,20131031,56023.0,20131005,24.0,-76.0,-22.0,25.0,1.2127581,105.5
284,0.0316742081447963,B,41.82069,-110.88925,20130325,20131031,56023.0,20131012,53.0,-59.0,-9.0,25.0,0.60901606,90.5
285,0.0052631578947368,A,42.3733,-110.95,20100721,20100808,56023.0,20100804,247.0,72.0,138.0,25.0,1.2903513,91.0
286,0.0316742081447963,B,41.82069,-110.88925,20130325,20131031,56023.0,20130405,29.0,-38.0,0.0,51.0,2.516032,41.5
287,0.0316742081447963,B,41.82069,-110.88925,20130325,20131031,56023.0,20130412,99.0,-63.0,14.0,0.0,0.45276657,164.5
288,0.0384615384615384,B,41.93722,-110.33903,20130904,20130916,56023.0,20130912,144.0,63.0,98.0,25.0,3.0805838,100.333
289,0.00625,A,42.3106,-110.9725,20100724,20100808,56023.0,20100804,247.0,72.0,138.0,25.0,1.2903513,91.0
290,0.0357142857142857,B,42.2228,-110.995,20130924,20131021,56023.0,20131003,11.0,-54.0,-22.0,76.0,1.8200073,105.5
291,0.0316742081447963,B,41.82069,-110.88925,20130325,20131031,56023.0,20130724,284.0,115.0,186.0,0.0,1.2267401000000002,82.6
292,0.0316742081447963,B,41.82069,-110.88925,20130325,20131031,56023.0,20131006,150.0,-31.0,37.0,0.0,2.274308,105.5
293,0.05,A,42.1556,-110.8186,20150528,20150529,56023.0,20150528,106.0,9.0,57.0,0.0,2.475505,180.0
294,0.0316742081447963,B,41.82069,-110.88925,20130325,20131031,56023.0,20130513,175.0,62.0,117.0,0.0,2.5553856,206.6
295,0.1,A,42.86833333,-111.02777778,20130514,20130514,56023.0,20130514,187.0,52.0,110.0,0.0,2.8657484,206.6
296,0.0316742081447963,B,41.82069,-110.88925,20130325,20131031,56023.0,20130407,45.0,-23.0,4.0,178.0,5.102733,41.5
297,0.1,A,42.57083333,-110.92777778,20151001,20151001,56023.0,20151001,197.0,86.0,137.0,25.0,3.1165888,97.75
298,0.0316742081447963,B,41.82069,-110.88925,20130325,20131031,56023.0,20130830,270.0,85.0,147.0,0.0,1.1413981000000002,107.5
299,0.0316742081447963,B,41.82069,-110.88925,20130325,20131031,56023.0,20130413,-3.0,-108.0,-33.0,102.0,3.160292,164.5
300,0.0316742081447963,B,41.82069,-110.88925,20130325,20131031,56023.0,20130904,262.0,98.0,158.0,0.0,1.7768731,74.333
301,0.0333333333333333,A,43.02555556,-110.9175,20150907,20150909,56023.0,20150907,156.0,1.0,76.0,0.0,1.8582586,102.0
302,0.0316742081447963,B,41.82069,-110.88925,20130325,20131031,56023.0,20130824,189.0,61.0,108.0,0.0,3.084442,119.5
303,3.533333333333333,C,42.18833333,-110.71722222,20140610,20140624,56023.0,20140611,191.0,44.0,120.0,0.0,2.4361502999999995,152.0
304,0.1,A,42.90472222,-110.63111111,20150930,20150930,56023.0,20150930,219.0,55.0,119.0,0.0,1.917355,97.75
305,3.533333333333333,C,42.18833333,-110.71722222,20140610,20140624,56023.0,20140618,36.0,-30.0,-4.0,25.0,2.73191,124.5
306,0.003125,A,42.79472222,-110.90111111,20140611,20140712,56023.0,20140624,247.0,93.0,163.0,0.0,3.4205277,84.25
307,0.0316742081447963,B,41.82069,-110.88925,20130325,20131031,56023.0,20131015,3.0,-98.0,-55.0,0.0,1.9525625,90.5
308,0.0316742081447963,B,41.82069,-110.88925,20130325,20131031,56023.0,20130608,213.0,53.0,125.0,0.0,1.0727998,154.0
309,0.0316742081447963,B,41.82069,-110.88925,20130325,20131031,56023.0,20131024,137.0,-27.0,35.0,0.0,0.92195606,90.5
310,0.0316742081447963,B,41.82069,-110.88925,20130325,20131031,56023.0,20130406,19.0,-32.0,-10.0,51.0,1.9140096,41.5
311,0.0316742081447963,B,41.82069,-110.88925,20130325,20131031,56023.0,20130712,191.0,88.0,126.0,0.0,3.370838200000001,95.0
312,0.0316742081447963,B,41.82069,-110.88925,20130325,20131031,56023.0,20130921,208.0,69.0,123.0,0.0,3.0846307,125.0
313,0.0316742081447963,B,41.82069,-110.88925,20130325,20131031,56023.0,20130516,151.0,30.0,91.0,0.0,1.7410648000000002,206.6
314,0.5,B,41.79344,-110.57856,20120817,20120817,56023.0,20120817,271.0,129.0,189.0,0.0,3.2953901,112.5
315,0.0316742081447963,B,41.82069,-110.88925,20130325,20131031,56023.0,20130715,233.0,107.0,171.0,51.0,4.08325,95.0
316,0.0316742081447963,B,41.82069,-110.88925,20130325,20131031,56023.0,20130409,-17.0,-117.0,-70.0,0.0,9.010274,41.5
317,1.0,B,42.51722222,-110.88638889,20140723,20140723,56023.0,20140723,270.0,87.0,183.0,0.0,2.3771656,89.1
318,0.0316742081447963,B,41.82069,-110.88925,20130325,20131031,56023.0,20130818,224.0,114.0,166.0,0.0,1.2340546,100.5
319,0.0316742081447963,B,41.82069,-110.88925,20130325,20131031,56023.0,20131030,-29.0,-55.0,-45.0,51.0,1.748665,113.0
320,3.533333333333333,C,42.18833333,-110.71722222,20140610,20140624,56023.0,20140613,191.0,57.0,120.0,0.0,5.0423155,152.0
321,0.003125,A,42.79472222,-110.90111111,20140611,20140712,56023.0,20140625,204.0,81.0,135.0,0.0,0.6268243,84.25
322,48.0,C,42.40083333,-110.67583333,20150910,20150910,56023.0,20150910,218.0,34.0,119.0,0.0,1.4495687,72.0
323,3.536458333333333,A,42.79472222,-110.90111111,20140611,20140712,56023.0,20140619,148.0,6.0,66.0,0.0,0.7080301999999999,124.5
324,0.0316742081447963,B,41.82069,-110.88925,20130325,20131031,56023.0,20130429,74.0,-7.0,32.0,0.0,4.410833,52.5
325,0.0316742081447963,B,41.82069,-110.88925,20130325,20131031,56023.0,20130705,220.0,58.0,136.0,0.0,3.9035614,153.75
326,0.0316742081447963,B,41.82069,-110.88925,20130325,20131031,56023.0,20130414,-11.0,-146.0,-89.0,0.0,2.0436215,204.0
327,0.0316742081447963,B,41.82069,-110.88925,20130325,20131031,56023.0,20130430,81.0,-52.0,23.0,0.0,3.187291,52.5
328,0.00625,A,42.3106,-110.9725,20100724,20100808,56023.0,20100728,227.0,107.0,161.0,0.0,2.6734612,91.0
329,0.05,A,43.03138889,-110.92777778,20150921,20150922,56023.0,20150921,161.0,55.0,104.0,25.0,2.6575365,105.0
330,0.0357142857142857,B,42.2228,-110.995,20130924,20131021,56023.0,20131006,150.0,-31.0,37.0,0.0,2.274308,105.5
331,0.0357142857142857,B,42.2228,-110.995,20130924,20131021,56023.0,20131017,44.0,-71.0,-17.0,0.0,1.2801496,90.5
332,0.0052631578947368,A,42.3733,-110.95,20100721,20100808,56023.0,20100807,217.0,74.0,142.0,0.0,2.820016,152.0
333,0.0316742081447963,B,41.82069,-110.88925,20130325,20131031,56023.0,20130613,215.0,46.0,127.0,0.0,5.7982845,136.2
334,0.0316742081447963,B,41.82069,-110.88925,20130325,20131031,56023.0,20130910,156.0,49.0,104.0,0.0,3.2654662,74.333
335,0.0316742081447963,B,41.82069,-110.88925,20130325,20131031,56023.0,20130609,204.0,79.0,138.0,0.0,3.4265523,154.0
336,4.866666666666666,C,42.0228,-110.9192,20150810,20150812,56023.0,20150810,248.0,71.0,151.0,0.0,3.1253998,86.0
337,3.0,B,41.62844,-110.55797,20120627,20120627,56023.0,20120627,231.0,50.0,147.0,0.0,3.1728475,82.5
338,0.0052631578947368,A,42.3733,-110.95,20100721,20100808,56023.0,20100728,227.0,107.0,161.0,0.0,2.6734612,91.0
339,0.0316742081447963,B,41.82069,-110.88925,20130325,20131031,56023.0,20130518,35.0,5.0,16.0,76.0,3.7022913,145.5
340,1.8,B,42.22577,-110.86252,20130704,20130705,56023.0,20130705,220.0,58.0,136.0,0.0,3.9035614,153.75
341,0.0316742081447963,B,41.82069,-110.88925,20130325,20131031,56023.0,20130707,234.0,53.0,133.0,0.0,4.154621,153.75
342,0.1,A,41.80956,-110.69325,20140706,20140706,56023.0,20140706,285.0,101.0,184.0,0.0,2.517936,129.333
343,0.0316742081447963,B,41.82069,-110.88925,20130325,20131031,56023.0,20130730,193.0,51.0,112.0,0.0,2.4711213,80.0
344,0.0316742081447963,B,41.82069,-110.88925,20130325,20131031,56023.0,20130714,222.0,85.0,147.0,0.0,2.3286119,95.0
345,0.0316742081447963,B,41.82069,-110.88925,20130325,20131031,56023.0,20130607,172.0,62.0,120.0,0.0,1.3228003000000002,160.5
346,0.0316742081447963,B,41.82069,-110.88925,20130325,20131031,56023.0,20130720,223.0,121.0,169.0,0.0,1.7084528,121.5
347,0.0316742081447963,B,41.82069,-110.88925,20130325,20131031,56023.0,20130808,258.0,72.0,141.0,0.0,3.986635,75.4
348,0.0316742081447963,B,41.82069,-110.88925,20130325,20131031,56023.0,20130905,259.0,98.0,165.0,25.0,1.5809482,74.333
349,0.0316742081447963,B,41.82069,-110.88925,20130325,20131031,56023.0,20130628,296.0,99.0,199.0,0.0,3.0732753,128.0
350,0.0316742081447963,B,41.82069,-110.88925,20130325,20131031,56023.0,20130718,219.0,93.0,155.0,0.0,1.7535343999999995,134.333
351,0.0052631578947368,A,42.3733,-110.95,20100721,20100808,56023.0,20100729,213.0,95.0,140.0,0.0,1.9313226000000003,91.0
352,3.0,B,41.7736,-110.2997,20150902,20150903,56023.0,20150902,206.0,88.0,136.0,0.0,2.4046829,188.0
353,0.0316742081447963,B,41.82069,-110.88925,20130325,20131031,56023.0,20130517,106.0,26.0,60.0,51.0,2.0651908,206.6
354,0.0316742081447963,B,41.82069,-110.88925,20130325,20131031,56023.0,20130825,189.0,68.0,133.0,0.0,4.007919,119.5
355,0.0052631578947368,A,42.3733,-110.95,20100721,20100808,56023.0,20100722,241.0,86.0,152.0,0.0,4.2711253,101.5
356,0.0316742081447963,B,41.82069,-110.88925,20130325,20131031,56023.0,20130731,262.0,91.0,170.0,0.0,1.8788279,80.0
357,0.0316742081447963,B,41.82069,-110.88925,20130325,20131031,56023.0,20130606,165.0,49.0,108.0,0.0,1.6838573,160.5
358,0.5,B,41.81078,-110.97413,20130817,20130822,56023.0,20130820,276.0,125.0,177.0,0.0,4.6689234000000015,155.0
359,0.1,A,42.84333333,-110.58861111,20150922,20150922,56023.0,20150922,240.0,47.0,128.0,0.0,2.4839485,105.0
360,0.0052631578947368,A,42.3733,-110.95,20100721,20100808,56023.0,20100805,259.0,66.0,153.0,0.0,2.5273335,152.0
361,0.003125,A,42.79472222,-110.90111111,20140611,20140712,56023.0,20140701,231.0,44.0,132.0,0.0,2.672891,129.333
362,0.0316742081447963,B,41.82069,-110.88925,20130325,20131031,56023.0,20130925,51.0,-49.0,2.0,127.0,3.5598376000000003,105.5
363,0.0316742081447963,B,41.82069,-110.88925,20130325,20131031,56023.0,20130814,265.0,66.0,160.0,25.0,1.4840482,76.0
364,0.0316742081447963,B,41.82069,-110.88925,20130325,20131031,56023.0,20130811,258.0,72.0,142.0,0.0,3.2123656000000005,118.5
365,0.0052631578947368,A,42.3733,-110.95,20100721,20100808,56023.0,20100806,264.0,88.0,165.0,0.0,1.7353104,152.0
366,0.0316742081447963,B,41.82069,-110.88925,20130325,20131031,56023.0,20130612,178.0,67.0,118.0,25.0,2.6086955,154.0
367,0.0384615384615384,B,41.93722,-110.33903,20130904,20130916,56023.0,20130910,156.0,49.0,104.0,0.0,3.2654662,74.333
368,0.0316742081447963,B,41.82069,-110.88925,20130325,20131031,56023.0,20130514,187.0,52.0,110.0,0.0,2.8657484,206.6
369,0.0316742081447963,B,41.82069,-110.88925,20130325,20131031,56023.0,20130710,232.0,97.0,163.0,0.0,0.81412864,153.75
370,0.0316742081447963,B,41.82069,-110.88925,20130325,20131031,56023.0,20130515,149.0,28.0,77.0,51.0,1.9312619,206.6
371,0.0316742081447963,B,41.82069,-110.88925,20130325,20131031,56023.0,20131004,20.0,-31.0,-13.0,25.0,2.7060177000000003,105.5
372,0.0357142857142857,B,42.2228,-110.995,20130924,20131021,56023.0,20131019,42.0,-42.0,6.0,0.0,1.8828242,90.5
373,0.0316742081447963,B,41.82069,-110.88925,20130325,20131031,56023.0,20130629,258.0,90.0,188.0,0.0,2.0155685,128.0
374,0.0316742081447963,B,41.82069,-110.88925,20130325,20131031,56023.0,20130610,213.0,111.0,161.0,0.0,0.5936368000000001,154.0
375,0.003125,A,42.79472222,-110.90111111,20140611,20140712,56023.0,20140626,149.0,63.0,100.0,0.0,4.993254,84.25
376,0.0316742081447963,B,41.82069,-110.88925,20130325,20131031,56023.0,20131029,39.0,-19.0,-3.0,102.0,1.8560767,113.0
377,0.0316742081447963,B,41.82069,-110.88925,20130325,20131031,56023.0,20130725,216.0,105.0,152.0,0.0,1.7863097,82.6
378,0.05,A,42.6775,-110.81666667,20150924,20150925,56023.0,20150925,250.0,72.0,147.0,25.0,2.440415,98.5
379,0.00625,A,42.3106,-110.9725,20100724,20100808,56023.0,20100805,259.0,66.0,153.0,0.0,2.5273335,152.0
380,0.0316742081447963,B,41.82069,-110.88925,20130325,20131031,56023.0,20130403,132.0,-12.0,47.0,0.0,0.55972743,41.5
381,0.0316742081447963,B,41.82069,-110.88925,20130325,20131031,56023.0,20130911,166.0,77.0,125.0,25.0,3.4296544,100.333
382,0.0316742081447963,B,41.82069,-110.88925,20130325,20131031,56023.0,20131022,98.0,-9.0,38.0,0.0,2.2079089,90.5
383,3.8333333333333335,C,41.90502,-110.41935,20130817,20130822,56023.0,20130822,204.0,99.0,141.0,0.0,2.4732363,119.5
384,0.0316742081447963,B,41.82069,-110.88925,20130325,20131031,56023.0,20130918,89.0,-8.0,46.0,25.0,3.1048357,125.0
385,0.5,B,41.83914,-110.97811,20140705,20140706,56023.0,20140706,285.0,101.0,184.0,0.0,2.517936,129.333
386,0.0357142857142857,B,42.2228,-110.995,20130924,20131021,56023.0,20131008,112.0,8.0,61.0,0.0,2.8146918,105.5
387,0.0316742081447963,B,41.82069,-110.88925,20130325,20131031,56023.0,20130927,9.0,-13.0,-6.0,127.0,3.9274743,105.5
388,0.0316742081447963,B,41.82069,-110.88925,20130325,20131031,56023.0,20130626,241.0,77.0,164.0,0.0,2.3385756,128.0
389,0.1,A,42.3777778,-110.563611,20100804,20100804,56023.0,20100804,247.0,72.0,138.0,25.0,1.2903513,91.0
390,0.0316742081447963,B,41.82069,-110.88925,20130325,20131031,56023.0,20130820,276.0,125.0,177.0,0.0,4.6689234000000015,155.0
391,0.0052631578947368,A,42.3733,-110.95,20100721,20100808,56023.0,20100721,245.0,120.0,159.0,0.0,4.9372435,101.5
392,3.8333333333333335,C,41.90502,-110.41935,20130817,20130822,56023.0,20130820,276.0,125.0,177.0,0.0,4.6689234000000015,155.0
393,0.05,A,43.03138889,-110.92777778,20150921,20150922,56023.0,20150922,240.0,47.0,128.0,0.0,2.4839485,105.0
394,3.533333333333333,C,42.18833333,-110.71722222,20140610,20140624,56023.0,20140624,247.0,93.0,163.0,0.0,3.4205277,84.25
395,0.0316742081447963,B,41.82069,-110.88925,20130325,20131031,56023.0,20130512,181.0,2.0,95.0,0.0,1.6252033,171.0
396,0.0357142857142857,B,42.2228,-110.995,20130924,20131021,56023.0,20131015,3.0,-98.0,-55.0,0.0,1.9525625,90.5
397,0.0316742081447963,B,41.82069,-110.88925,20130325,20131031,56023.0,20131007,192.0,1.0,78.0,0.0,2.4919484,105.5
398,0.0316742081447963,B,41.82069,-110.88925,20130325,20131031,56023.0,20131025,137.0,-7.0,38.0,0.0,3.5383608,90.5
399,0.0316742081447963,B,41.82069,-110.88925,20130325,20131031,56023.0,20130501,40.0,-75.0,-23.0,0.0,3.3118606,154.667
400,0.0316742081447963,B,41.82069,-110.88925,20130325,20131031,56023.0,20130404,131.0,-17.0,53.0,25.0,3.6332402,41.5
401,0.0666666666666666,A,42.65,-110.78611111,20150924,20150926,56023.0,20150925,250.0,72.0,147.0,25.0,2.440415,98.5
402,0.0357142857142857,B,42.2228,-110.995,20130924,20131021,56023.0,20131005,24.0,-76.0,-22.0,25.0,1.2127581,105.5
403,0.0357142857142857,B,42.2228,-110.995,20130924,20131021,56023.0,20130926,65.0,-3.0,16.0,25.0,2.1664042,105.5
404,3.8333333333333335,C,41.90502,-110.41935,20130817,20130822,56023.0,20130821,243.0,100.0,141.0,25.0,1.9226009,155.0
405,0.0357142857142857,B,42.2228,-110.995,20130924,20131021,56023.0,20131016,21.0,-62.0,-29.0,0.0,2.2857003,90.5
406,0.0316742081447963,B,41.82069,-110.88925,20130325,20131031,56023.0,20130519,93.0,-8.0,40.0,127.0,3.7726002,145.5
407,0.0052631578947368,A,42.3733,-110.95,20100721,20100808,56023.0,20100727,258.0,95.0,168.0,0.0,3.1658998,91.0
408,0.0384615384615384,B,41.93722,-110.33903,20130904,20130916,56023.0,20130915,125.0,65.0,88.0,25.0,3.0945852000000005,100.333
409,0.003125,A,42.79472222,-110.90111111,20140611,20140712,56023.0,20140618,36.0,-30.0,-4.0,25.0,2.73191,124.5
410,0.0316742081447963,B,41.82069,-110.88925,20130325,20131031,56023.0,20130912,144.0,63.0,98.0,25.0,3.0805838,100.333
411,0.003125,A,42.79472222,-110.90111111,20140611,20140712,56023.0,20140711,235.0,83.0,141.0,178.0,4.254702,101.142999999999
412,0.5,B,41.81078,-110.97413,20130817,20130822,56023.0,20130821,243.0,100.0,141.0,25.0,1.9226009,155.0
413,0.00625,A,42.3106,-110.9725,20100724,20100808,56023.0,20100727,258.0,95.0,168.0,0.0,3.1658998,91.0
414,0.0316742081447963,B,41.82069,-110.88925,20130325,20131031,56023.0,20130408,8.0,-70.0,-31.0,254.0,3.5737052000000005,41.5
415,0.5,B,41.94361,-110.95303,20140527,20140527,56023.0,20140527,198.0,10.0,108.0,0.0,1.1704645,126.75
416,158.63636363636363,F,41.9989,-110.9122,20070715,20070725,56023.0,20070725,218.0,110.0,142.0,51.0,2.5811825,85.0
417,0.009090909090909,A,43.14194444,-110.74777778,20130920,20130930,56023.0,20130922,120.0,25.0,87.0,0.0,3.8729007000000006,125.0
418,0.5263157894736842,C,42.2722,-110.9453,20050915,20051003,56023.0,20051001,219.0,65.0,128.0,0.0,2.0335422,125.5
419,0.0147058823529411,B,42.17861111,-110.65722222,20060914,20061120,56023.0,20060915,70.0,13.0,33.0,178.0,2.0248382,110.0
420,1.5,B,41.8211,-110.8121,20041006,20041007,56023.0,20041006,162.0,25.0,71.0,0.0,3.0807889,90.0
421,0.0015873015873015,A,42.86277778,-110.81166667,20070728,20070928,56023.0,20070823,185.0,25.0,98.0,0.0,0.93106824,78.0
422,0.0111111111111111,A,42.74111111,-110.82055556,20050920,20051007,56023.0,20051001,219.0,65.0,128.0,0.0,2.0335422,125.5
423,0.0111111111111111,A,42.74111111,-110.82055556,20050920,20051007,56023.0,20051007,153.0,-11.0,54.0,0.0,2.4279249,98.5
424,0.0277777777777777,B,42.18138889,-110.76444444,20070917,20071022,56023.0,20071002,72.0,-29.0,17.0,0.0,1.2870065,97.75
425,0.05,A,42.74666667,-110.89527778,20060711,20060712,56023.0,20060712,226.0,77.0,149.0,0.0,2.743614200000001,167.0
426,534.5901639344262,G,42.43416667,-110.60055556,20120624,20121023,56023.0,20121023,10.0,-42.0,-16.0,102.0,4.180016999999999,114.75
427,0.05,A,42.66444444,-110.78166667,20080904,20080905,56023.0,20080904,162.0,34.0,86.0,0.0,2.108464,85.5
428,0.0015873015873015,A,42.86277778,-110.81166667,20070728,20070928,56023.0,20070820,202.0,57.0,126.0,0.0,3.363406,78.0
429,107.9090909090909,F,42.0905,-110.5882,20020829,20020930,56023.0,20020831,234.0,61.0,129.0,0.0,0.5630272,69.5
430,534.5901639344262,G,42.43416667,-110.60055556,20120624,20121023,56023.0,20120801,281.0,115.0,198.0,0.0,2.1901786,78.0
431,0.0020408163265306,A,42.38472222,-110.55166667,20070904,20071022,56023.0,20071018,1.0,-39.0,-23.0,51.0,5.4692316,83.25
432,7.857142857142857,C,41.6869,-110.646,20000627,20000703,56023.0,20000629,192.0,70.0,129.0,0.0,2.5160332000000003,100.0
433,1.3888888888888888,C,42.73083333,-110.80833333,20120903,20120911,56023.0,20120903,227.0,45.0,130.0,0.0,1.8569124,64.75
434,534.5901639344262,G,42.43416667,-110.60055556,20120624,20121023,56023.0,20120713,271.0,108.0,183.0,0.0,2.4581723,71.5
435,0.0071428571428571,A,43.21777778,-111.00777778,20130917,20130930,56023.0,20130922,120.0,25.0,87.0,0.0,3.8729007000000006,125.0
436,2.0,B,41.8197,-110.8035,20020705,20020705,56023.0,20020705,249.0,109.0,167.0,0.0,0.92194784,113.5
437,0.05,A,43.17722222,-110.58805556,20071002,20071003,56023.0,20071002,72.0,-29.0,17.0,0.0,1.2870065,97.75
438,0.0147058823529411,B,42.17861111,-110.65722222,20060914,20061120,56023.0,20061104,62.0,-18.0,15.0,0.0,2.3010564,120.0
439,0.0020408163265306,A,42.38472222,-110.55166667,20070904,20071022,56023.0,20071017,8.0,-31.0,-16.0,279.0,4.396458,83.25
440,0.9523809523809524,C,42.18222222,-110.76722222,20050915,20051026,56023.0,20051001,219.0,65.0,128.0,0.0,2.0335422,125.5
441,0.56,C,42.45694444,-110.78305556,20090813,20091001,56023.0,20090815,127.0,-1.0,69.0,51.0,1.9449469,90.25
442,6.3559322033898304,E,42.35583333,-110.78583333,20070825,20071022,56023.0,20071017,8.0,-31.0,-16.0,279.0,4.396458,83.25
443,0.05,A,42.42027778,-110.76166667,20090815,20090816,56023.0,20090816,154.0,24.0,77.0,0.0,0.3720247,90.25
444,0.0053191489361702,A,43.0158333,-110.631944,20100722,20100906,56023.0,20100725,225.0,87.0,151.0,0.0,2.7987266,101.5
445,0.0111111111111111,A,43.22472222,-110.99916667,20090803,20090811,56023.0,20090804,273.0,90.0,177.0,25.0,0.85052,111.0
446,0.5263157894736842,C,42.2722,-110.9453,20050915,20051003,56023.0,20051003,41.0,-21.0,-1.0,51.0,2.6188543,125.5
447,0.0053191489361702,A,43.0158333,-110.631944,20100722,20100906,56023.0,20100810,221.0,43.0,128.0,0.0,3.8593988,152.0
448,37.17808219178082,F,43.1475,-110.86388889,20070811,20071022,56023.0,20071002,72.0,-29.0,17.0,0.0,1.2870065,97.75
449,0.009090909090909,A,43.14194444,-110.74777778,20130920,20130930,56023.0,20130924,134.0,9.0,69.0,0.0,2.1225023,125.0
450,1.3888888888888888,C,42.73083333,-110.80833333,20120903,20120911,56023.0,20120904,175.0,70.0,119.0,0.0,3.0276961,64.75
451,0.0131578947368421,A,42.98888889,-110.67194444,20050919,20051007,56023.0,20051007,153.0,-11.0,54.0,0.0,2.4279249,98.5
452,0.0147058823529411,B,42.17861111,-110.65722222,20060914,20061120,56023.0,20061027,75.0,-57.0,-8.0,0.0,2.6874602000000003,120.0
453,0.9523809523809524,C,42.18222222,-110.76722222,20050915,20051026,56023.0,20051002,95.0,11.0,49.0,0.0,1.7084756999999997,125.5
454,0.0147058823529411,B,42.17861111,-110.65722222,20060914,20061120,56023.0,20061101,32.0,-123.0,-46.0,0.0,1.0440315,120.0
455,37.17808219178082,F,43.1475,-110.86388889,20070811,20071022,56023.0,20071017,8.0,-31.0,-16.0,279.0,4.396458,83.25
456,0.05,A,43.11027778,-110.79166667,20051012,20051013,56023.0,20051012,122.0,2.0,36.0,0.0,2.9565625,103.5
457,0.0015873015873015,A,42.86277778,-110.81166667,20070728,20070928,56023.0,20070801,243.0,115.0,160.0,25.0,1.5208193,85.0
458,0.0071428571428571,A,43.21777778,-111.00777778,20130917,20130930,56023.0,20130924,134.0,9.0,69.0,0.0,2.1225023,125.0
459,0.05,A,42.42027778,-110.76166667,20090815,20090816,56023.0,20090815,127.0,-1.0,69.0,51.0,1.9449469,90.25
460,0.0277777777777777,B,42.18138889,-110.76444444,20070917,20071022,56023.0,20071003,101.0,20.0,62.0,0.0,3.8684595,97.75
461,0.0131578947368421,A,42.98888889,-110.67194444,20050919,20051007,56023.0,20050925,101.0,-24.0,34.0,0.0,1.8603419,144.667
462,1.5,B,41.8211,-110.8121,20041006,20041007,56023.0,20041007,175.0,32.0,88.0,0.0,0.5872939,90.0
463,534.5901639344262,G,42.43416667,-110.60055556,20120624,20121023,56023.0,20121017,59.0,-46.0,2.0,0.0,4.280781,114.75
464,0.0111111111111111,A,43.22472222,-110.99916667,20090803,20090811,56023.0,20090803,260.0,105.0,173.0,0.0,3.380064,104.75
465,0.0333333333333333,A,42.92388889,-110.73916667,20120711,20120713,56023.0,20120711,291.0,135.0,202.0,0.0,4.215317,144.0
466,0.05,A,43.17722222,-110.58805556,20071002,20071003,56023.0,20071003,101.0,20.0,62.0,0.0,3.8684595,97.75
467,0.0147058823529411,B,42.17861111,-110.65722222,20060914,20061120,56023.0,20061112,-22.0,-123.0,-79.0,0.0,2.1088896,110.667
468,534.5901639344262,G,42.43416667,-110.60055556,20120624,20121023,56023.0,20120910,185.0,80.0,122.0,0.0,4.3790545,122.0
469,0.0020408163265306,A,42.38472222,-110.55166667,20070904,20071022,56023.0,20071003,101.0,20.0,62.0,0.0,3.8684595,97.75
470,0.0096153846153846,A,43.12861111,-110.67944444,20090815,20090909,56023.0,20090816,154.0,24.0,77.0,0.0,0.3720247,90.25
471,534.5901639344262,G,42.43416667,-110.60055556,20120624,20121023,56023.0,20120717,242.0,62.0,139.0,0.0,1.5926094,78.75
472,37.17808219178082,F,43.1475,-110.86388889,20070811,20071022,56023.0,20070826,229.0,110.0,162.0,0.0,2.88425,78.0
473,534.5901639344262,G,42.43416667,-110.60055556,20120624,20121023,56023.0,20120708,277.0,100.0,187.0,25.0,2.118355,144.0
474,0.1,A,42.43,-110.5825,20071002,20071002,56023.0,20071002,72.0,-29.0,17.0,0.0,1.2870065,97.75
475,0.1,A,43.2325,-111.03805556,20020827,20020827,56023.0,20020827,239.0,89.0,144.0,0.0,3.0450823,69.5
476,9.333333333333334,D,41.9511,-110.6433,20070723,20070806,56023.0,20070726,222.0,110.0,158.0,0.0,0.70093197,85.0
477,0.0071428571428571,A,43.21777778,-111.00777778,20130917,20130930,56023.0,20130928,38.0,-24.0,2.0,0.0,3.5598339999999995,105.5
478,534.5901639344262,G,42.43416667,-110.60055556,20120624,20121023,56023.0,20120711,291.0,135.0,202.0,0.0,4.215317,144.0
479,0.05,A,43.17972222,-110.76277778,20060712,20060713,56023.0,20060712,226.0,77.0,149.0,0.0,2.743614200000001,167.0
480,0.0277777777777777,B,42.18138889,-110.76444444,20070917,20071022,56023.0,20071017,8.0,-31.0,-16.0,279.0,4.396458,83.25
481,0.01,A,42.91833333,-110.6525,20051001,20051001,56023.0,20051001,219.0,65.0,128.0,0.0,2.0335422,125.5
482,0.0071428571428571,A,43.21777778,-111.00777778,20130917,20130930,56023.0,20130925,51.0,-49.0,2.0,127.0,3.5598376000000003,105.5
483,0.075,A,42.5325,-110.86638889,20070726,20070727,56023.0,20070726,222.0,110.0,158.0,0.0,0.70093197,85.0
484,0.0071428571428571,A,43.21777778,-111.00777778,20130917,20130930,56023.0,20130926,65.0,-3.0,16.0,25.0,2.1664042,105.5
485,0.0111111111111111,A,43.22472222,-110.99916667,20090803,20090811,56023.0,20090806,226.0,58.0,157.0,0.0,2.729637,111.0
486,0.0111111111111111,B,42.55527778,-110.86138889,20090918,20091014,56023.0,20091009,-23.0,-41.0,-32.0,127.0,1.7867548,68.0
487,43.53401439517064,F,43.1475,-110.86388889,20070811,20071022,56023.0,20071003,101.0,20.0,62.0,0.0,3.8684595,97.75
488,0.0096153846153846,A,43.12861111,-110.67944444,20090815,20090909,56023.0,20090815,127.0,-1.0,69.0,51.0,1.9449469,90.25
489,0.0045454545454545,A,43.0338889,-110.713889,20100803,20100824,56023.0,20100810,221.0,43.0,128.0,0.0,3.8593988,152.0
490,0.025,A,42.70111111,-110.79138889,20050901,20050904,56023.0,20050904,251.0,102.0,157.0,0.0,3.8676674,138.0
491,0.0333333333333333,A,42.3391667,-110.585278,20101014,20101016,56023.0,20101014,173.0,5.0,75.0,0.0,1.4534352,80.0
492,0.0053191489361702,A,43.0158333,-110.631944,20100722,20100906,56023.0,20100805,259.0,66.0,153.0,0.0,2.5273335,152.0
493,0.1333333333333333,B,42.17305556,-110.60638889,20050904,20050906,56023.0,20050904,251.0,102.0,157.0,0.0,3.8676674,138.0
494,0.56,C,42.45694444,-110.78305556,20090813,20091001,56023.0,20090816,154.0,24.0,77.0,0.0,0.3720247,90.25
495,9.333333333333334,D,41.9511,-110.6433,20070723,20070806,56023.0,20070725,218.0,110.0,142.0,51.0,2.5811825,85.0
496,534.5901639344262,G,42.43416667,-110.60055556,20120624,20121023,56023.0,20120817,271.0,129.0,189.0,0.0,3.2953901,112.5
497,0.0147058823529411,B,42.17861111,-110.65722222,20060914,20061120,56023.0,20061106,41.0,10.0,25.0,0.0,2.695336,104.333
498,0.0147058823529411,B,42.17861111,-110.65722222,20060914,20061120,56023.0,20061113,6.0,-64.0,-28.0,203.0,5.403004599999999,110.667
499,0.56,C,42.45694444,-110.78305556,20090813,20091001,56023.0,20090818,201.0,58.0,122.0,0.0,4.0727553,85.0
500,0.5263157894736842,C,42.2722,-110.9453,20050915,20051003,56023.0,20051002,95.0,11.0,49.0,0.0,1.7084756999999997,125.5
501,534.5901639344262,G,42.43416667,-110.60055556,20120624,20121023,56023.0,20120902,162.0,40.0,96.0,0.0,2.7156222000000003,64.75
502,0.0015873015873015,A,42.86277778,-110.81166667,20070728,20070928,56023.0,20070731,289.0,107.0,184.0,0.0,1.2416878999999998,85.0
503,6.3559322033898304,E,42.35583333,-110.78583333,20070825,20071022,56023.0,20070930,94.0,-38.0,23.0,25.0,2.6376014,97.75
504,0.05,A,42.48388889,-110.64805556,20060705,20060706,56023.0,20060705,243.0,99.0,156.0,25.0,1.5973067,187.0
505,0.0111111111111111,A,42.74111111,-110.82055556,20050920,20051007,56023.0,20050925,101.0,-24.0,34.0,0.0,1.8603419,144.667
506,0.0020408163265306,A,42.38472222,-110.55166667,20070904,20071022,56023.0,20070930,94.0,-38.0,23.0,25.0,2.6376014,97.75
507,534.5901639344262,G,42.43416667,-110.60055556,20120624,20121023,56023.0,20120831,208.0,101.0,142.0,25.0,3.6541083,127.5
508,9.333333333333334,D,41.9511,-110.6433,20070723,20070806,56023.0,20070731,289.0,107.0,184.0,0.0,1.2416878999999998,85.0
509,0.05,A,42.79888889,-110.69138889,20070730,20070731,56023.0,20070730,256.0,120.0,173.0,0.0,0.47169387,85.0
510,0.0147058823529411,B,42.17861111,-110.65722222,20060914,20061120,56023.0,20061025,48.0,-23.0,2.0,51.0,6.1123533,120.0
511,0.0147058823529411,B,42.17861111,-110.65722222,20060914,20061120,56023.0,20060920,71.0,-2.0,31.0,0.0,2.4541545,173.667
512,0.0277777777777777,B,42.18138889,-110.76444444,20070917,20071022,56023.0,20071021,-18.0,-88.0,-66.0,0.0,7.313609,83.25
513,0.0277777777777777,B,42.18138889,-110.76444444,20070917,20071022,56023.0,20071020,55.0,-45.0,-9.0,51.0,4.4229603,83.25
514,0.05,A,43.08222222,-110.59611111,20060919,20060920,56023.0,20060920,71.0,-2.0,31.0,0.0,2.4541545,173.667
515,7.857142857142857,C,41.6869,-110.646,20000627,20000703,56023.0,20000703,244.0,46.0,143.0,0.0,6.031866,130.0
516,0.0020408163265306,A,42.38472222,-110.55166667,20070904,20071022,56023.0,20071021,-18.0,-88.0,-66.0,0.0,7.313609,83.25
517,0.05,A,42.78416667,-110.87833333,20130805,20130806,56023.0,20130806,228.0,96.0,156.0,0.0,1.7747721999999997,75.4
518,37.17808219178082,F,43.1475,-110.86388889,20070811,20071022,56023.0,20070930,94.0,-38.0,23.0,25.0,2.6376014,97.75
519,0.0147058823529411,B,42.17861111,-110.65722222,20060914,20061120,56023.0,20061116,6.0,-34.0,-8.0,76.0,3.8347056,110.667
520,0.0147058823529411,B,42.17861111,-110.65722222,20060914,20061120,56023.0,20061119,34.0,-124.0,-50.0,0.0,1.3228028,80.0
521,0.1,A,42.71972222,-110.91305556,20080614,20080614,56023.0,20080614,187.0,1.0,101.0,0.0,2.5360196,220.75
522,0.009090909090909,A,43.14194444,-110.74777778,20130920,20130930,56023.0,20130923,128.0,5.0,65.0,0.0,4.246477,125.0
523,6.3559322033898304,E,42.35583333,-110.78583333,20070825,20071022,56023.0,20071001,153.0,1.0,58.0,0.0,4.9421973,97.75
524,4.1,C,42.85138889,-110.67833333,20120912,20120921,56023.0,20120916,198.0,17.0,108.0,0.0,2.5133436,61.5
525,37.17808219178082,F,43.1475,-110.86388889,20070811,20071022,56023.0,20071022,43.0,-78.0,-10.0,25.0,1.6007811,83.25
526,534.5901639344262,G,42.43416667,-110.60055556,20120624,20121023,56023.0,20120709,295.0,106.0,190.0,0.0,1.2306947,144.0
527,0.009090909090909,A,43.14194444,-110.74777778,20130920,20130930,56023.0,20130921,208.0,69.0,123.0,0.0,3.0846307,125.0
528,0.0053191489361702,A,43.0158333,-110.631944,20100722,20100906,56023.0,20100811,205.0,93.0,138.0,0.0,4.3202276,152.0
529,0.0045454545454545,A,43.0338889,-110.713889,20100803,20100824,56023.0,20100806,264.0,88.0,165.0,0.0,1.7353104,152.0
530,534.5901639344262,G,42.43416667,-110.60055556,20120624,20121023,56023.0,20120916,198.0,17.0,108.0,0.0,2.5133436,61.5
531,0.0242690058479531,A,42.74111111,-110.82055556,20050920,20051007,56023.0,20051002,95.0,11.0,49.0,0.0,1.7084756999999997,125.5
532,0.0333333333333333,A,43.29388889,-110.98555556,20010714,20010716,56023.0,20010714,228.0,106.0,165.0,0.0,4.433075,113.5
533,0.0096153846153846,A,43.12861111,-110.67944444,20090815,20090909,56023.0,20090819,199.0,44.0,118.0,0.0,1.9833778,85.0
534,6.3559322033898304,E,42.35583333,-110.78583333,20070825,20071022,56023.0,20070929,178.0,68.0,104.0,0.0,3.4198492,97.75
535,6.3559322033898304,E,42.35583333,-110.78583333,20070825,20071022,56023.0,20071020,55.0,-45.0,-9.0,51.0,4.4229603,83.25
536,0.0015873015873015,A,42.86277778,-110.81166667,20070728,20070928,56023.0,20070819,249.0,94.0,154.0,0.0,0.8836339,78.0
537,534.5901639344262,G,42.43416667,-110.60055556,20120624,20121023,56023.0,20120710,302.0,143.0,206.0,0.0,0.31622776,144.0
538,0.0053191489361702,A,43.0158333,-110.631944,20100722,20100906,56023.0,20100731,272.0,101.0,180.0,0.0,2.1533551,91.0
539,37.17808219178082,F,43.1475,-110.86388889,20070811,20071022,56023.0,20070819,249.0,94.0,154.0,0.0,0.8836339,78.0
540,0.0147058823529411,B,42.17861111,-110.65722222,20060914,20061120,56023.0,20061118,26.0,-104.0,-24.0,0.0,2.9449625,80.0
541,37.17808219178082,F,43.1475,-110.86388889,20070811,20071022,56023.0,20071021,-18.0,-88.0,-66.0,0.0,7.313609,83.25
542,0.05,A,42.79888889,-110.69138889,20070730,20070731,56023.0,20070731,289.0,107.0,184.0,0.0,1.2416878999999998,85.0
543,6.3559322033898304,E,42.35583333,-110.78583333,20070825,20071022,56023.0,20071021,-18.0,-88.0,-66.0,0.0,7.313609,83.25
544,0.0147058823529411,B,42.17861111,-110.65722222,20060914,20061120,56023.0,20061102,77.0,-91.0,-14.0,0.0,5.606511599999998,120.0
545,0.0147058823529411,B,42.17861111,-110.65722222,20060914,20061120,56023.0,20061117,33.0,-29.0,-2.0,0.0,2.1770205,110.667
546,7.857142857142857,C,41.6869,-110.646,20000627,20000703,56023.0,20000628,239.0,61.0,153.0,0.0,2.4644108,100.0
547,37.17808219178082,F,43.1475,-110.86388889,20070811,20071022,56023.0,20070827,269.0,118.0,161.0,0.0,2.5587804,78.0
548,0.025,A,43.15111111,-110.88305556,20130917,20130920,56023.0,20130920,156.0,0.0,75.0,0.0,2.2196426,125.0
549,0.9523809523809524,C,42.18222222,-110.76722222,20050915,20051026,56023.0,20050928,158.0,-9.0,68.0,0.0,2.350535,144.667
550,0.56,C,42.45694444,-110.78305556,20090813,20091001,56023.0,20090819,199.0,44.0,118.0,0.0,1.9833778,85.0
551,0.0045454545454545,A,43.0338889,-110.713889,20100803,20100824,56023.0,20100811,205.0,93.0,138.0,0.0,4.3202276,152.0
552,0.0096153846153846,A,43.12861111,-110.67944444,20090815,20090909,56023.0,20090818,201.0,58.0,122.0,0.0,4.0727553,85.0
553,0.0131578947368421,A,42.98888889,-110.67194444,20050919,20051007,56023.0,20051006,83.0,-51.0,4.0,25.0,2.5034702,98.5
554,0.0147058823529411,B,42.17861111,-110.65722222,20060914,20061120,56023.0,20061103,28.0,-18.0,1.0,25.0,1.0404412,120.0
555,37.17808219178082,F,43.1475,-110.86388889,20070811,20071022,56023.0,20071020,55.0,-45.0,-9.0,51.0,4.4229603,83.25
556,1.0,B,42.95,-110.85972222,20120828,20120901,56023.0,20120831,208.0,101.0,142.0,25.0,3.6541083,127.5
557,0.05,A,43.22388889,-110.85166667,20060825,20060826,56023.0,20060825,203.0,90.0,141.0,0.0,2.7593107000000003,116.0
558,0.0333333333333333,A,42.86888889,-110.62138889,20060907,20060909,56023.0,20060908,125.0,59.0,91.0,51.0,2.9487848,178.667
559,0.0020408163265306,A,42.38472222,-110.55166667,20070904,20071022,56023.0,20071020,55.0,-45.0,-9.0,51.0,4.4229603,83.25
560,0.0277777777777777,B,42.18138889,-110.76444444,20070917,20071022,56023.0,20070930,94.0,-38.0,23.0,25.0,2.6376014,97.75
561,0.0071428571428571,A,43.21777778,-111.00777778,20130917,20130930,56023.0,20130923,128.0,5.0,65.0,0.0,4.246477,125.0
562,0.02,B,43.13055556,-110.90722222,20050905,20050924,56023.0,20050924,82.0,19.0,49.0,0.0,3.627243,144.667
563,534.5901639344262,G,42.43416667,-110.60055556,20120624,20121023,56023.0,20120903,227.0,45.0,130.0,0.0,1.8569124,64.75
564,0.5,B,41.8602,-110.5635,20020607,20020607,56023.0,20020607,170.0,72.0,111.0,0.0,1.49776,174.0
565,0.0111111111111111,A,43.22472222,-110.99916667,20090803,20090811,56023.0,20090805,235.0,111.0,161.0,0.0,3.8395998,111.0
566,0.0015873015873015,A,42.86277778,-110.81166667,20070728,20070928,56023.0,20070818,239.0,87.0,145.0,25.0,1.6819117,78.0
567,14.2,C,41.746,-110.60817,20120709,20120710,56023.0,20120710,302.0,143.0,206.0,0.0,0.31622776,144.0
568,0.1,A,43.06472222,-110.61111111,20090720,20090721,56023.0,20090720,186.0,78.0,139.0,25.0,4.150224,163.25
569,534.5901639344262,G,42.43416667,-110.60055556,20120624,20121023,56023.0,20120829,280.0,109.0,190.0,0.0,1.4848858,141.25
570,534.5901639344262,G,42.43416667,-110.60055556,20120624,20121023,56023.0,20120714,191.0,99.0,125.0,102.0,2.5495098,71.5
571,0.0071428571428571,A,43.21777778,-111.00777778,20130917,20130930,56023.0,20130929,126.0,14.0,76.0,0.0,1.5977898,105.5
572,37.17808219178082,F,43.1475,-110.86388889,20070811,20071022,56023.0,20071018,1.0,-39.0,-23.0,51.0,5.4692316,83.25
573,6.3559322033898304,E,42.35583333,-110.78583333,20070825,20071022,56023.0,20071022,43.0,-78.0,-10.0,25.0,1.6007811,83.25
574,6.3559322033898304,E,42.35583333,-110.78583333,20070825,20071022,56023.0,20071018,1.0,-39.0,-23.0,51.0,5.4692316,83.25
575,0.025,A,42.70111111,-110.79138889,20050901,20050904,56023.0,20050902,216.0,16.0,120.0,0.0,3.2160296,138.0
576,0.118,B,42.19916667,-110.76833333,20120728,20120801,56023.0,20120801,281.0,115.0,198.0,0.0,2.1901786,78.0
577,534.5901639344262,G,42.43416667,-110.60055556,20120624,20121023,56023.0,20120624,256.0,105.0,173.0,0.0,0.22359997,82.5
578,0.009090909090909,A,43.14194444,-110.74777778,20130920,20130930,56023.0,20130925,51.0,-49.0,2.0,127.0,3.5598376000000003,105.5
579,0.0015873015873015,A,42.86277778,-110.81166667,20070728,20070928,56023.0,20070730,256.0,120.0,173.0,0.0,0.47169387,85.0
580,0.1,A,42.37666667,-110.49833333,20050828,20050828,56023.0,20050828,216.0,85.0,140.0,0.0,1.0002,125.0
581,0.05,A,42.97416667,-110.78833333,20060705,20060706,56023.0,20060705,243.0,99.0,156.0,25.0,1.5973067,187.0
582,0.0111111111111111,A,42.74111111,-110.82055556,20050920,20051007,56023.0,20051006,83.0,-51.0,4.0,25.0,2.5034702,98.5
583,0.0053191489361702,A,43.0158333,-110.631944,20100722,20100906,56023.0,20100728,227.0,107.0,161.0,0.0,2.6734612,91.0
584,0.05,A,43.17972222,-110.76277778,20060712,20060713,56023.0,20060713,197.0,66.0,135.0,25.0,2.0335422,167.0
585,534.5901639344262,G,42.43416667,-110.60055556,20120624,20121023,56023.0,20120804,256.0,48.0,142.0,0.0,2.0859995,78.0
586,0.0147058823529411,B,42.17861111,-110.65722222,20060914,20061120,56023.0,20061120,49.0,-23.0,8.0,0.0,3.5393417,80.0
587,6.3559322033898304,E,42.35583333,-110.78583333,20070825,20071022,56023.0,20071002,72.0,-29.0,17.0,0.0,1.2870065,97.75
588,1.3888888888888888,C,42.73083333,-110.80833333,20120903,20120911,56023.0,20120910,185.0,80.0,122.0,0.0,4.3790545,122.0
589,0.0053191489361702,A,43.0158333,-110.631944,20100722,20100906,56023.0,20100906,87.0,-26.0,30.0,0.0,0.8039933000000001,88.0
590,7.857142857142857,C,41.6869,-110.646,20000627,20000703,56023.0,20000627,168.0,46.0,100.0,0.0,1.8747982,100.0
591,534.5901639344262,G,42.43416667,-110.60055556,20120624,20121023,56023.0,20120625,276.0,94.0,177.0,0.0,1.2463138,82.5
592,0.0111111111111111,B,42.55527778,-110.86138889,20090918,20091014,56023.0,20091008,0.0,-53.0,-28.0,0.0,1.8439138,68.0
593,0.0020408163265306,A,42.38472222,-110.55166667,20070904,20071022,56023.0,20071002,72.0,-29.0,17.0,0.0,1.2870065,97.75
594,0.0147058823529411,B,42.17861111,-110.65722222,20060914,20061120,56023.0,20060926,178.0,27.0,91.0,0.0,2.3429236,119.0
595,0.5263157894736842,C,42.2722,-110.9453,20050915,20051003,56023.0,20050925,101.0,-24.0,34.0,0.0,1.8603419,144.667
596,534.5901639344262,G,42.43416667,-110.60055556,20120624,20121023,56023.0,20120915,215.0,11.0,105.0,0.0,0.83150667,61.5
597,0.0111111111111111,A,42.74111111,-110.82055556,20050920,20051007,56023.0,20051003,41.0,-21.0,-1.0,51.0,2.6188543,125.5
598,0.009090909090909,A,43.14194444,-110.74777778,20130920,20130930,56023.0,20130920,156.0,0.0,75.0,0.0,2.2196426,125.0
599,0.0277777777777777,B,42.18138889,-110.76444444,20070917,20071022,56023.0,20071018,1.0,-39.0,-23.0,51.0,5.4692316,83.25
600,0.0131578947368421,A,42.98888889,-110.67194444,20050919,20051007,56023.0,20051003,41.0,-21.0,-1.0,51.0,2.6188543,125.5
601,0.9523809523809524,C,42.18222222,-110.76722222,20050915,20051026,56023.0,20050925,101.0,-24.0,34.0,0.0,1.8603419,144.667
602,37.17808219178082,F,43.1475,-110.86388889,20070811,20071022,56023.0,20070823,185.0,25.0,98.0,0.0,0.93106824,78.0
603,6.3559322033898304,E,42.35583333,-110.78583333,20070825,20071022,56023.0,20071019,99.0,-7.0,55.0,76.0,5.2680573,83.25
604,14.2,C,41.746,-110.60817,20120709,20120710,56023.0,20120709,295.0,106.0,190.0,0.0,1.2306947,144.0
605,0.0277777777777777,B,42.18138889,-110.76444444,20070917,20071022,56023.0,20071001,153.0,1.0,58.0,0.0,4.9421973,97.75
606,158.63636363636363,F,41.9989,-110.9122,20070715,20070725,56023.0,20070721,308.0,146.0,212.0,0.0,1.2093018,190.75
607,0.0096153846153846,A,43.12861111,-110.67944444,20090815,20090909,56023.0,20090817,170.0,5.0,86.0,0.0,4.373300599999999,85.0
608,0.009090909090909,A,43.14194444,-110.74777778,20130920,20130930,56023.0,20130926,65.0,-3.0,16.0,25.0,2.1664042,105.5
609,0.0147058823529411,B,42.17861111,-110.65722222,20060914,20061120,56023.0,20061115,22.0,-131.0,-62.0,0.0,4.14406,110.667
610,0.56,C,42.45694444,-110.78305556,20090813,20091001,56023.0,20090817,170.0,5.0,86.0,0.0,4.373300599999999,85.0
611,0.0015873015873015,A,42.86277778,-110.81166667,20070728,20070928,56023.0,20070826,229.0,110.0,162.0,0.0,2.88425,78.0
612,0.05,A,42.58222222,-110.84027778,20120903,20120904,56023.0,20120903,227.0,45.0,130.0,0.0,1.8569124,64.75
613,0.0147058823529411,B,42.17861111,-110.65722222,20060914,20061120,56023.0,20061114,4.0,-80.0,-35.0,203.0,4.1839013,110.667
614,0.9523809523809524,C,42.18222222,-110.76722222,20050915,20051026,56023.0,20051012,122.0,2.0,36.0,0.0,2.9565625,103.5
615,9.333333333333334,D,41.9511,-110.6433,20070723,20070806,56023.0,20070730,256.0,120.0,173.0,0.0,0.47169387,85.0
616,0.0020408163265306,A,42.38472222,-110.55166667,20070904,20071022,56023.0,20071022,43.0,-78.0,-10.0,25.0,1.6007811,83.25
617,4.1,C,42.85138889,-110.67833333,20120912,20120921,56023.0,20120915,215.0,11.0,105.0,0.0,0.83150667,61.5
618,0.0333333333333333,A,42.3391667,-110.585278,20101014,20101016,56023.0,20101015,179.0,42.0,93.0,0.0,0.6220081999999999,80.0
619,6.3559322033898304,E,42.35583333,-110.78583333,20070825,20071022,56023.0,20070826,229.0,110.0,162.0,0.0,2.88425,78.0
620,0.0147058823529411,B,42.17861111,-110.65722222,20060914,20061120,56023.0,20061026,44.0,-74.0,-19.0,0.0,0.5885578,120.0
621,534.5901639344262,G,42.43416667,-110.60055556,20120624,20121023,56023.0,20121022,111.0,9.0,47.0,178.0,2.500008,114.75
622,0.0020408163265306,A,42.38472222,-110.55166667,20070904,20071022,56023.0,20071001,153.0,1.0,58.0,0.0,4.9421973,97.75
623,0.1,A,43.06472222,-110.61111111,20090720,20090721,56023.0,20090721,204.0,55.0,134.0,0.0,3.5570908,163.25
624,0.118,B,42.19916667,-110.76833333,20120728,20120801,56023.0,20120730,285.0,84.0,191.0,0.0,0.36234975,94.0
625,0.0053191489361702,A,43.0158333,-110.631944,20100722,20100906,56023.0,20100801,203.0,96.0,138.0,0.0,3.3459343999999995,91.0
626,37.17808219178082,F,43.1475,-110.86388889,20070811,20071022,56023.0,20071019,99.0,-7.0,55.0,76.0,5.2680573,83.25
627,0.0277777777777777,B,42.18138889,-110.76444444,20070917,20071022,56023.0,20071022,43.0,-78.0,-10.0,25.0,1.6007811,83.25
628,0.0277777777777777,B,42.18138889,-110.76444444,20070917,20071022,56023.0,20071019,99.0,-7.0,55.0,76.0,5.2680573,83.25
629,37.17808219178082,F,43.1475,-110.86388889,20070811,20071022,56023.0,20071001,153.0,1.0,58.0,0.0,4.9421973,97.75
630,0.0020408163265306,A,42.38472222,-110.55166667,20070904,20071022,56023.0,20071019,99.0,-7.0,55.0,76.0,5.2680573,83.25
631,0.0147058823529411,B,42.17861111,-110.65722222,20060914,20061120,56023.0,20060914,221.0,40.0,112.0,51.0,3.6976845,178.667
632,0.0111111111111111,A,42.74111111,-110.82055556,20050920,20051007,56023.0,20050928,158.0,-9.0,68.0,0.0,2.350535,144.667
633,0.0277777777777777,B,42.18138889,-110.76444444,20070917,20071022,56023.0,20071004,118.0,25.0,76.0,0.0,2.3307846000000003,97.75
634,0.5263157894736842,C,42.2722,-110.9453,20050915,20051003,56023.0,20050928,158.0,-9.0,68.0,0.0,2.350535,144.667
635,6.3559322033898304,E,42.35583333,-110.78583333,20070825,20071022,56023.0,20071007,1.0,-42.0,-18.0,25.0,2.4133859,97.75
636,1.0,B,42.95,-110.85972222,20120828,20120901,56023.0,20120830,178.0,91.0,130.0,0.0,3.0696790000000003,95.5
637,534.5901639344262,G,42.43416667,-110.60055556,20120624,20121023,56023.0,20120716,195.0,63.0,119.0,0.0,2.9317162,78.75
638,0.9523809523809524,C,42.18222222,-110.76722222,20050915,20051026,56023.0,20050929,152.0,6.0,74.0,25.0,2.2350345000000003,144.667
639,6.3559322033898304,E,42.35583333,-110.78583333,20070825,20071022,56023.0,20071013,57.0,10.0,21.0,25.0,2.7528818,100.0
640,0.5263157894736842,C,42.2722,-110.9453,20050915,20051003,56023.0,20050929,152.0,6.0,74.0,25.0,2.2350345000000003,144.667
641,0.0333333333333333,A,42.86888889,-110.62138889,20060907,20060909,56023.0,20060909,191.0,48.0,112.0,0.0,2.5362184,178.667
642,0.0277777777777777,B,42.18138889,-110.76444444,20070917,20071022,56023.0,20071013,57.0,10.0,21.0,25.0,2.7528818,100.0
643,37.17808219178082,F,43.1475,-110.86388889,20070811,20071022,56023.0,20070824,217.0,63.0,133.0,0.0,3.2908628,78.0
644,534.5901639344262,G,42.43416667,-110.60055556,20120624,20121023,56023.0,20120906,205.0,36.0,110.0,0.0,2.275611,122.0
645,0.5263157894736842,C,42.2722,-110.9453,20050915,20051003,56023.0,20050927,148.0,11.0,68.0,0.0,3.2190862,144.667
646,0.0053191489361702,A,43.0158333,-110.631944,20100722,20100906,56023.0,20100804,247.0,72.0,138.0,25.0,1.2903513,91.0
647,0.0053191489361702,A,43.0158333,-110.631944,20100722,20100906,56023.0,20100803,248.0,92.0,167.0,0.0,3.5003583,91.0
648,0.0277777777777777,B,42.18138889,-110.76444444,20070917,20071022,56023.0,20071007,1.0,-42.0,-18.0,25.0,2.4133859,97.75
649,0.0157894736842105,B,43.0075,-110.91444444,20050806,20050824,56023.0,20050807,259.0,66.0,158.0,0.0,4.6304207,114.0
650,0.0015873015873015,A,42.86277778,-110.81166667,20070728,20070928,56023.0,20070803,199.0,105.0,142.0,51.0,0.8711566999999999,85.0
651,1.3888888888888888,C,42.73083333,-110.80833333,20120903,20120911,56023.0,20120906,205.0,36.0,110.0,0.0,2.275611,122.0
652,0.0147058823529411,B,42.17861111,-110.65722222,20060914,20061120,56023.0,20060918,106.0,-29.0,25.0,0.0,2.0036016,173.667
653,534.5901639344262,G,42.43416667,-110.60055556,20120624,20121023,56023.0,20120712,242.0,107.0,174.0,0.0,1.600129,71.5
654,0.0277777777777777,B,42.18138889,-110.76444444,20070917,20071022,56023.0,20071008,105.0,-33.0,23.0,25.0,2.615994,100.0
655,0.05,A,42.90194444,-110.76888889,20120712,20120713,56023.0,20120712,242.0,107.0,174.0,0.0,1.600129,71.5
656,0.0020408163265306,A,42.38472222,-110.55166667,20070904,20071022,56023.0,20071012,116.0,18.0,55.0,0.0,1.2626984,100.0
657,0.0111111111111111,B,42.55527778,-110.86138889,20090918,20091014,56023.0,20091012,89.0,-58.0,18.0,0.0,2.03591,80.25
658,0.05,A,42.19194444,-110.76833333,20120726,20120727,56023.0,20120727,243.0,119.0,167.0,0.0,3.3809524,120.0
659,0.3,B,42.498,-110.0021,19990816,19990816,56023.0,19990816,154.0,29.0,87.0,0.0,1.8270481,109.0
660,534.5901639344262,G,42.43416667,-110.60055556,20120624,20121023,56023.0,20120702,278.0,113.0,192.0,0.0,4.9671707000000005,91.833
661,9.333333333333334,D,41.9511,-110.6433,20070723,20070806,56023.0,20070724,237.0,114.0,164.0,0.0,0.250598,85.0
662,7.857142857142857,C,41.6869,-110.646,20000627,20000703,56023.0,20000630,223.0,54.0,138.0,0.0,2.5046017000000003,100.0
663,6.3559322033898304,E,42.35583333,-110.78583333,20070825,20071022,56023.0,20071008,105.0,-33.0,23.0,25.0,2.615994,100.0
664,0.0020408163265306,A,42.38472222,-110.55166667,20070904,20071022,56023.0,20071007,1.0,-42.0,-18.0,25.0,2.4133859,97.75
665,0.9523809523809524,C,42.18222222,-110.76722222,20050915,20051026,56023.0,20051009,43.0,-25.0,-3.0,0.0,2.350535,103.5
666,37.17808219178082,F,43.1475,-110.86388889,20070811,20071022,56023.0,20071007,1.0,-42.0,-18.0,25.0,2.4133859,97.75
667,158.63636363636363,F,41.9989,-110.9122,20070715,20070725,56023.0,20070724,237.0,114.0,164.0,0.0,0.250598,85.0
668,0.075,A,42.5325,-110.86638889,20070726,20070727,56023.0,20070727,219.0,89.0,147.0,0.0,1.6611173,85.0
669,37.180123008107344,A,42.38472222,-110.55166667,20070904,20071022,56023.0,20071013,57.0,10.0,21.0,25.0,2.7528818,100.0
670,0.0045454545454545,A,43.0338889,-110.713889,20100803,20100824,56023.0,20100808,236.0,61.0,138.0,0.0,1.698535,152.0
671,37.17808219178082,F,43.1475,-110.86388889,20070811,20071022,56023.0,20070817,229.0,89.0,136.0,25.0,2.1683724,78.0
672,0.05,A,42.59333333,-110.71388889,20070802,20070803,56023.0,20070803,199.0,105.0,142.0,51.0,0.8711566999999999,85.0
673,0.0833333333333333,A,43.1202778,-110.943611,20100724,20100726,56023.0,20100726,277.0,80.0,159.0,0.0,3.0364568,91.0
674,0.9523809523809524,C,42.18222222,-110.76722222,20050915,20051026,56023.0,20051004,41.0,-10.0,8.0,127.0,1.3598866000000005,125.5
675,0.0111111111111111,A,42.74111111,-110.82055556,20050920,20051007,56023.0,20050929,152.0,6.0,74.0,25.0,2.2350345000000003,144.667
676,1.3888888888888888,C,42.73083333,-110.80833333,20120903,20120911,56023.0,20120905,225.0,52.0,131.0,0.0,2.7108867,122.0
677,9.333333333333334,D,41.9511,-110.6433,20070723,20070806,56023.0,20070801,243.0,115.0,160.0,25.0,1.5208193,85.0
678,0.0147058823529411,B,42.17861111,-110.65722222,20060914,20061120,56023.0,20061108,103.0,10.0,53.0,0.0,3.6338613,104.333
679,0.0147058823529411,B,42.17861111,-110.65722222,20060914,20061120,56023.0,20060919,159.0,-17.0,67.0,0.0,2.9524431,173.667
680,0.0111111111111111,B,42.55527778,-110.86138889,20090918,20091014,56023.0,20091011,-21.0,-54.0,-36.0,102.0,3.0231302,80.25
681,0.118,B,42.19916667,-110.76833333,20120728,20120801,56023.0,20120729,245.0,68.0,158.0,0.0,1.9572664,94.0
682,534.5901639344262,G,42.43416667,-110.60055556,20120624,20121023,56023.0,20120911,136.0,24.0,91.0,0.0,3.104099,122.0
683,37.17808219178082,F,43.1475,-110.86388889,20070811,20071022,56023.0,20070820,202.0,57.0,126.0,0.0,3.363406,78.0
684,534.5901639344262,G,42.43416667,-110.60055556,20120624,20121023,56023.0,20120727,243.0,119.0,167.0,0.0,3.3809524,120.0
685,534.5901639344262,G,42.43416667,-110.60055556,20120624,20121023,56023.0,20120820,187.0,83.0,135.0,0.0,1.6919808,112.5
686,0.0147058823529411,B,42.17861111,-110.65722222,20060914,20061120,56023.0,20060916,18.0,-13.0,-3.0,102.0,4.4726915,110.0
687,1.0,B,42.95,-110.85972222,20120828,20120901,56023.0,20120901,206.0,46.0,116.0,76.0,2.9247875,64.75
688,538.6901639344262,C,42.85138889,-110.67833333,20120912,20120921,56023.0,20120913,175.0,14.0,94.0,0.0,1.264911,84.0
689,9.333333333333334,D,41.9511,-110.6433,20070723,20070806,56023.0,20070727,219.0,89.0,147.0,0.0,1.6611173,85.0
690,0.0015873015873015,A,42.86277778,-110.81166667,20070728,20070928,56023.0,20070817,229.0,89.0,136.0,25.0,2.1683724,78.0
691,534.5901639344262,G,42.43416667,-110.60055556,20120624,20121023,56023.0,20120816,244.0,57.0,153.0,0.0,2.8980732,67.75
692,534.5901639344262,G,42.43416667,-110.60055556,20120624,20121023,56023.0,20120703,254.0,66.0,157.0,0.0,1.4177723,91.833
693,0.0131578947368421,A,42.98888889,-110.67194444,20050919,20051007,56023.0,20050929,152.0,6.0,74.0,25.0,2.2350345000000003,144.667
694,0.0111111111111111,B,42.55527778,-110.86138889,20090918,20091014,56023.0,20091014,32.0,-3.0,8.0,305.0,5.6305733,80.25
695,0.0071428571428571,A,43.21777778,-111.00777778,20130917,20130930,56023.0,20130927,9.0,-13.0,-6.0,127.0,3.9274743,105.5
696,0.05,A,42.24888889,-110.81555556,20091101,20091102,56023.0,20091102,42.0,-52.0,1.0,0.0,0.8386309000000001,95.75
697,0.025,A,42.70111111,-110.79138889,20050901,20050904,56023.0,20050903,249.0,105.0,166.0,0.0,2.5522196,138.0
698,0.0111111111111111,A,43.22472222,-110.99916667,20090803,20090811,56023.0,20090811,239.0,40.0,129.0,0.0,2.1029723,132.5
699,0.0131578947368421,A,42.98888889,-110.67194444,20050919,20051007,56023.0,20050926,150.0,-25.0,67.0,0.0,2.316312,144.667
700,0.9523809523809524,C,42.18222222,-110.76722222,20050915,20051026,56023.0,20051010,101.0,-23.0,24.0,0.0,0.23853731,103.5
701,0.0053191489361702,A,43.0158333,-110.631944,20100722,20100906,56023.0,20100802,260.0,91.0,169.0,0.0,3.5189984,91.0
702,534.5901639344262,G,42.43416667,-110.60055556,20120624,20121023,56023.0,20121020,91.0,15.0,58.0,0.0,2.535512,114.75
703,0.0020408163265306,A,42.38472222,-110.55166667,20070904,20071022,56023.0,20071008,105.0,-33.0,23.0,25.0,2.615994,100.0
704,9.333333333333334,D,41.9511,-110.6433,20070723,20070806,56023.0,20070804,244.0,95.0,149.0,0.0,2.2016592,156.5
705,0.1,A,42.63833333,-110.81722222,20080707,20080707,56023.0,20080707,235.0,66.0,137.0,0.0,2.1781597,101.5
706,534.5901639344262,G,42.43416667,-110.60055556,20120624,20121023,56023.0,20120630,285.0,112.0,199.0,0.0,1.2624502,91.5
707,0.0015873015873015,A,42.86277778,-110.81166667,20070728,20070928,56023.0,20070728,270.0,123.0,189.0,0.0,1.5160495,85.0
708,0.0147058823529411,B,42.17861111,-110.65722222,20060914,20061120,56023.0,20061030,38.0,-119.0,-28.0,0.0,2.7096765,120.0
709,0.1,A,42.31638889,-110.77888889,20080921,20080921,56023.0,20080921,125.0,7.0,67.0,25.0,1.8488904,91.0
710,0.05,A,42.90194444,-110.76888889,20120712,20120713,56023.0,20120713,271.0,108.0,183.0,0.0,2.4581723,71.5
711,0.0277777777777777,B,42.18138889,-110.76444444,20070917,20071022,56023.0,20071010,140.0,-4.0,72.0,0.0,3.6396358,100.0
712,37.17808219178082,F,43.1475,-110.86388889,20070811,20071022,56023.0,20070821,171.0,107.0,134.0,0.0,2.36038,78.0
713,534.5901639344262,G,42.43416667,-110.60055556,20120624,20121023,56023.0,20120802,202.0,103.0,150.0,0.0,3.0381567000000005,78.0
714,37.180123008107344,F,43.1475,-110.86388889,20070811,20071022,56023.0,20071010,140.0,-4.0,72.0,0.0,3.6396358,100.0
715,0.05,A,43.11944444,-111.0425,20080528,20080529,56023.0,20080528,159.0,29.0,80.0,0.0,3.217947,89.0
716,37.17808219178082,F,43.1475,-110.86388889,20070811,20071022,56023.0,20071009,139.0,15.0,69.0,0.0,2.3170922000000003,100.0
717,0.0147058823529411,B,42.17861111,-110.65722222,20060914,20061120,56023.0,20060922,22.0,-37.0,-14.0,76.0,5.2347383,154.0
718,0.0157894736842105,B,43.0075,-110.91444444,20050806,20050824,56023.0,20050809,258.0,120.0,175.0,0.0,1.0248871,114.0
719,5.857142857142857,C,42.305,-110.831667,20100721,20100727,56023.0,20100727,258.0,95.0,168.0,0.0,3.1658998,91.0
720,0.0147058823529411,B,42.17861111,-110.65722222,20060914,20061120,56023.0,20060923,143.0,-43.0,15.0,0.0,0.85375744,154.0
721,0.0020408163265306,A,42.38472222,-110.55166667,20070904,20071022,56023.0,20071011,128.0,-35.0,26.0,0.0,1.0688803,100.0
722,0.0045454545454545,A,43.0338889,-110.713889,20100803,20100824,56023.0,20100803,248.0,92.0,167.0,0.0,3.5003583,91.0
723,0.0333333333333333,A,43.29388889,-110.98555556,20010714,20010716,56023.0,20010715,213.0,58.0,129.0,25.0,2.7333946,113.5
724,6.3559322033898304,E,42.35583333,-110.78583333,20070825,20071022,56023.0,20071010,140.0,-4.0,72.0,0.0,3.6396358,100.0
725,4.1,C,42.85138889,-110.67833333,20120912,20120921,56023.0,20120912,194.0,-3.0,85.0,0.0,1.9942476,84.0
726,9.333333333333334,D,41.9511,-110.6433,20070723,20070806,56023.0,20070728,270.0,123.0,189.0,0.0,1.5160495,85.0
727,0.0111111111111111,A,42.74111111,-110.82055556,20050920,20051007,56023.0,20051005,49.0,-57.0,-20.0,0.0,1.5231514,125.5
728,0.0111111111111111,A,42.74111111,-110.82055556,20050920,20051007,56023.0,20050930,164.0,46.0,89.0,0.0,2.040835,125.5
729,534.5901639344262,G,42.43416667,-110.60055556,20120624,20121023,56023.0,20120912,194.0,-3.0,85.0,0.0,1.9942476,84.0
730,1.3888888888888888,C,42.73083333,-110.80833333,20120903,20120911,56023.0,20120907,202.0,66.0,130.0,0.0,0.4242619000000001,122.0
731,37.17808219178082,F,43.1475,-110.86388889,20070811,20071022,56023.0,20071011,128.0,-35.0,26.0,0.0,1.0688803,100.0
732,0.9523809523809524,C,42.18222222,-110.76722222,20050915,20051026,56023.0,20051008,127.0,11.0,45.0,25.0,5.0526166,98.5
733,0.0131578947368421,A,42.98888889,-110.67194444,20050919,20051007,56023.0,20051005,49.0,-57.0,-20.0,0.0,1.5231514,125.5
734,0.1,A,42.35583333,-110.59055556,20080906,20080906,56023.0,20080906,130.0,10.0,68.0,102.0,2.7341132000000004,81.0
735,0.0111111111111111,A,43.22472222,-110.99916667,20090803,20090811,56023.0,20090809,148.0,-1.0,72.0,25.0,2.6348584,143.75
736,0.0277777777777777,B,42.18138889,-110.76444444,20070917,20071022,56023.0,20071011,128.0,-35.0,26.0,0.0,1.0688803,100.0
737,534.5901639344262,G,42.43416667,-110.60055556,20120624,20121023,56023.0,20120803,236.0,107.0,170.0,0.0,3.181476,78.0
738,534.5901639344262,G,42.43416667,-110.60055556,20120624,20121023,56023.0,20120629,233.0,109.0,165.0,0.0,1.1410955,91.5
739,107.9090909090909,F,42.0905,-110.5882,20020829,20020930,56023.0,20020829,184.0,69.0,115.0,0.0,4.605696,69.5
740,0.025,A,42.70111111,-110.79138889,20050901,20050904,56023.0,20050901,230.0,16.0,106.0,0.0,3.9121466,138.0
741,0.0333333333333333,A,43.29388889,-110.98555556,20010714,20010716,56023.0,20010716,214.0,45.0,138.0,0.0,4.3791904000000015,113.5
742,0.0147058823529411,B,42.17861111,-110.65722222,20060914,20061120,56023.0,20061107,77.0,9.0,33.0,0.0,4.915545,104.333
743,37.17808219178082,F,43.1475,-110.86388889,20070811,20071022,56023.0,20071012,116.0,18.0,55.0,0.0,1.2626984,100.0
744,0.0111111111111111,B,42.55527778,-110.86138889,20090918,20091014,56023.0,20091013,55.0,-1.0,23.0,51.0,5.4203362,80.25
745,0.9523809523809524,C,42.18222222,-110.76722222,20050915,20051026,56023.0,20051005,49.0,-57.0,-20.0,0.0,1.5231514,125.5
746,0.0277777777777777,B,42.18138889,-110.76444444,20070917,20071022,56023.0,20071012,116.0,18.0,55.0,0.0,1.2626984,100.0
747,0.0053191489361702,A,43.0158333,-110.631944,20100722,20100906,56023.0,20100808,236.0,61.0,138.0,0.0,1.698535,152.0
748,0.0147058823529411,B,42.17861111,-110.65722222,20060914,20061120,56023.0,20060917,65.0,-13.0,17.0,25.0,2.6518955,110.0
749,6.357973019716361,A,42.38472222,-110.55166667,20070904,20071022,56023.0,20071009,139.0,15.0,69.0,0.0,2.3170922000000003,100.0
750,6.3559322033898304,E,42.35583333,-110.78583333,20070825,20071022,56023.0,20071012,116.0,18.0,55.0,0.0,1.2626984,100.0
751,37.17808219178082,F,43.1475,-110.86388889,20070811,20071022,56023.0,20071008,105.0,-33.0,23.0,25.0,2.615994,100.0
752,0.0111111111111111,A,43.22472222,-110.99916667,20090803,20090811,56023.0,20090810,205.0,57.0,126.0,0.0,1.5845519,143.75
753,0.118,B,42.19916667,-110.76833333,20120728,20120801,56023.0,20120731,249.0,119.0,163.0,0.0,2.1681552,94.0
754,0.0111111111111111,A,42.74111111,-110.82055556,20050920,20051007,56023.0,20050927,148.0,11.0,68.0,0.0,3.2190862,144.667
755,0.0015873015873015,A,42.86277778,-110.81166667,20070728,20070928,56023.0,20070821,171.0,107.0,134.0,0.0,2.36038,78.0
756,0.5263157894736842,C,42.2722,-110.9453,20050915,20051003,56023.0,20050930,164.0,46.0,89.0,0.0,2.040835,125.5
757,0.3333333333333333,B,42.093,-110.8196,20040624,20040626,56023.0,20040625,191.0,63.0,113.0,25.0,3.382365,161.0
758,0.9523809523809524,C,42.18222222,-110.76722222,20050915,20051026,56023.0,20050930,164.0,46.0,89.0,0.0,2.040835,125.5
759,0.0111111111111111,A,43.22472222,-110.99916667,20090803,20090811,56023.0,20090808,76.0,21.0,48.0,76.0,2.4105814,143.75
760,6.3559322033898304,E,42.35583333,-110.78583333,20070825,20071022,56023.0,20071011,128.0,-35.0,26.0,0.0,1.0688803,100.0
761,0.0015873015873015,A,42.86277778,-110.81166667,20070728,20070928,56023.0,20070804,244.0,95.0,149.0,0.0,2.2016592,156.5
762,0.0277777777777777,B,42.18138889,-110.76444444,20070917,20071022,56023.0,20071009,139.0,15.0,69.0,0.0,2.3170922000000003,100.0
763,0.0147058823529411,B,42.17861111,-110.65722222,20060914,20061120,56023.0,20061029,108.0,-5.0,37.0,0.0,3.6911254,120.0
764,0.0333333333333333,A,42.92388889,-110.73916667,20120711,20120713,56023.0,20120712,242.0,107.0,174.0,0.0,1.600129,71.5
765,37.17808219178082,F,43.1475,-110.86388889,20070811,20071022,56023.0,20070818,239.0,87.0,145.0,25.0,1.6819117,78.0
766,0.0071428571428571,A,43.21777778,-111.00777778,20130917,20130930,56023.0,20130921,208.0,69.0,123.0,0.0,3.0846307,125.0
767,0.0053191489361702,A,43.0158333,-110.631944,20100722,20100906,56023.0,20100729,213.0,95.0,140.0,0.0,1.9313226000000003,91.0
768,534.5901639344262,G,42.43416667,-110.60055556,20120624,20121023,56023.0,20120907,202.0,66.0,130.0,0.0,0.4242619000000001,122.0
769,0.0015873015873015,A,42.86277778,-110.81166667,20070728,20070928,56023.0,20070824,217.0,63.0,133.0,0.0,3.2908628,78.0
770,534.5901639344262,G,42.43416667,-110.60055556,20120624,20121023,56023.0,20120701,257.0,117.0,176.0,0.0,5.1589550000000015,96.75
771,0.05,A,43.11944444,-111.0425,20080528,20080529,56023.0,20080529,110.0,-5.0,28.0,0.0,3.2244253,89.0
772,534.5901639344262,G,42.43416667,-110.60055556,20120624,20121023,56023.0,20120704,244.0,109.0,171.0,0.0,3.8518755,91.833
773,0.0015873015873015,A,42.86277778,-110.81166667,20070728,20070928,56023.0,20070729,275.0,76.0,167.0,0.0,0.5315066999999999,85.0
774,0.9523809523809524,C,42.18222222,-110.76722222,20050915,20051026,56023.0,20050926,150.0,-25.0,67.0,0.0,2.316312,144.667
775,0.1,A,43.03277778,-110.74972222,20050903,20050903,56023.0,20050903,249.0,105.0,166.0,0.0,2.5522196,138.0
776,0.1,A,42.61277778,-110.86833333,20060710,20060710,56023.0,20060710,249.0,78.0,154.0,0.0,1.0331564,154.667
777,0.0157894736842105,B,43.0075,-110.91444444,20050806,20050824,56023.0,20050808,256.0,120.0,177.0,0.0,1.049236,114.0
778,0.05,A,42.74666667,-110.89527778,20060711,20060712,56023.0,20060711,239.0,56.0,138.0,0.0,1.9872936,154.667
779,0.0131578947368421,A,42.98888889,-110.67194444,20050919,20051007,56023.0,20051004,41.0,-10.0,8.0,127.0,1.3598866000000005,125.5
780,0.1,A,42.19666667,-110.72722222,20090726,20090726,56023.0,20090726,217.0,84.0,142.0,0.0,2.03652,80.0
781,0.0147058823529411,B,42.17861111,-110.65722222,20060914,20061120,56023.0,20061110,10.0,-65.0,-43.0,0.0,3.1857362,104.333
782,534.5901639344262,G,42.43416667,-110.60055556,20120624,20121023,56023.0,20120626,222.0,43.0,148.0,25.0,4.3723335,82.5
783,0.0045454545454545,A,43.0338889,-110.713889,20100803,20100824,56023.0,20100804,247.0,72.0,138.0,25.0,1.2903513,91.0
784,158.63636363636363,F,41.9989,-110.9122,20070715,20070725,56023.0,20070722,308.0,142.0,214.0,0.0,3.037276,190.75
785,0.0053191489361702,A,43.0158333,-110.631944,20100722,20100906,56023.0,20100727,258.0,95.0,168.0,0.0,3.1658998,91.0
786,0.05,A,43.22388889,-110.85166667,20060825,20060826,56023.0,20060826,158.0,32.0,92.0,76.0,0.2594164,116.0
787,0.118,B,42.19916667,-110.76833333,20120728,20120801,56023.0,20120728,237.0,117.0,153.0,0.0,3.0549219,120.0
788,0.0045454545454545,A,43.0338889,-110.713889,20100803,20100824,56023.0,20100809,206.0,68.0,115.0,25.0,1.5708034,152.0
789,0.0020408163265306,A,42.38472222,-110.55166667,20070904,20071022,56023.0,20071015,104.0,-8.0,35.0,0.0,0.723467,100.0
790,0.0015873015873015,A,42.86277778,-110.81166667,20070728,20070928,56023.0,20070825,239.0,19.0,131.0,0.0,3.8440115,78.0
791,5.857142857142857,C,42.305,-110.831667,20100721,20100727,56023.0,20100726,277.0,80.0,159.0,0.0,3.0364568,91.0
792,534.5901639344262,G,42.43416667,-110.60055556,20120624,20121023,56023.0,20120715,208.0,82.0,127.0,0.0,3.2222364,78.75
793,0.0147058823529411,B,42.17861111,-110.65722222,20060914,20061120,56023.0,20060924,117.0,-25.0,36.0,0.0,3.1535637000000003,154.0
794,0.05,A,43.11555556,-110.94083333,20070805,20070806,56023.0,20070805,216.0,100.0,146.0,0.0,4.103659,156.5
795,0.0277777777777777,B,42.18138889,-110.76444444,20070917,20071022,56023.0,20071015,104.0,-8.0,35.0,0.0,0.723467,100.0
796,0.56,C,42.45694444,-110.78305556,20090813,20091001,56023.0,20090813,250.0,75.0,155.0,0.0,0.82662684,90.25
797,534.5901639344262,G,42.43416667,-110.60055556,20120624,20121023,56023.0,20120627,231.0,50.0,147.0,0.0,3.1728475,82.5
798,534.5901639344262,G,42.43416667,-110.60055556,20120624,20121023,56023.0,20120909,250.0,76.0,149.0,0.0,0.81840706,122.0
799,0.9523809523809524,C,42.18222222,-110.76722222,20050915,20051026,56023.0,20051006,83.0,-51.0,4.0,25.0,2.5034702,98.5
800,0.05,A,42.58222222,-110.84027778,20120903,20120904,56023.0,20120904,175.0,70.0,119.0,0.0,3.0276961,64.75
801,37.17808219178082,F,43.1475,-110.86388889,20070811,20071022,56023.0,20071015,104.0,-8.0,35.0,0.0,0.723467,100.0
802,0.0015873015873015,A,42.86277778,-110.81166667,20070728,20070928,56023.0,20070805,216.0,100.0,146.0,0.0,4.103659,156.5
803,0.0053191489361702,A,43.0158333,-110.631944,20100722,20100906,56023.0,20100806,264.0,88.0,165.0,0.0,1.7353104,152.0
804,0.05,A,42.47944444,-110.90305556,20080904,20080905,56023.0,20080904,162.0,34.0,86.0,0.0,2.108464,85.5
805,0.05,A,42.97416667,-110.78833333,20060705,20060706,56023.0,20060706,224.0,81.0,134.0,25.0,2.2275138,187.0
806,6.383709981167608,B,42.18138889,-110.76444444,20070917,20071022,56023.0,20071005,117.0,18.0,63.0,102.0,3.4630163,97.75
807,6.3559322033898304,E,42.35583333,-110.78583333,20070825,20071022,56023.0,20071015,104.0,-8.0,35.0,0.0,0.723467,100.0
808,37.17808219178082,F,43.1475,-110.86388889,20070811,20071022,56023.0,20071005,117.0,18.0,63.0,102.0,3.4630163,97.75
809,0.0131578947368421,A,42.98888889,-110.67194444,20050919,20051007,56023.0,20051001,219.0,65.0,128.0,0.0,2.0335422,125.5
810,0.0147058823529411,B,42.17861111,-110.65722222,20060914,20061120,56023.0,20061111,6.0,-52.0,-18.0,51.0,3.157935,110.667
811,0.0147058823529411,B,42.17861111,-110.65722222,20060914,20061120,56023.0,20060921,61.0,-8.0,23.0,25.0,3.9147089,173.667
812,0.9523809523809524,C,42.18222222,-110.76722222,20050915,20051026,56023.0,20051011,96.0,-32.0,28.0,0.0,1.9593117,103.5
813,534.5901639344262,G,42.43416667,-110.60055556,20120624,20121023,56023.0,20120707,241.0,131.0,176.0,0.0,2.4569337000000004,144.0
814,0.1,A,42.1399,-110.5524,20040627,20040627,56023.0,20040627,174.0,60.0,99.0,0.0,4.0175557,161.0
815,534.5901639344262,G,42.43416667,-110.60055556,20120624,20121023,56023.0,20120904,175.0,70.0,119.0,0.0,3.0276961,64.75
816,0.1,A,42.1366,-110.5504,20040627,20040627,56023.0,20040627,174.0,60.0,99.0,0.0,4.0175557,161.0
817,0.9523809523809524,C,42.18222222,-110.76722222,20050915,20051026,56023.0,20051003,41.0,-21.0,-1.0,51.0,2.6188543,125.5
818,0.56,C,42.45694444,-110.78305556,20090813,20091001,56023.0,20090814,221.0,87.0,153.0,0.0,2.2994127,90.25
819,0.0333333333333333,A,42.3391667,-110.585278,20101014,20101016,56023.0,20101016,146.0,28.0,78.0,0.0,2.052509,80.0
820,6.3559322033898304,E,42.35583333,-110.78583333,20070825,20071022,56023.0,20071016,129.0,-10.0,35.0,76.0,2.6943178,100.0
821,0.05,A,43.08222222,-110.59611111,20060919,20060920,56023.0,20060919,159.0,-17.0,67.0,0.0,2.9524431,173.667
822,37.17808219178082,F,43.1475,-110.86388889,20070811,20071022,56023.0,20071004,118.0,25.0,76.0,0.0,2.3307846000000003,97.75
823,0.0131578947368421,A,42.98888889,-110.67194444,20050919,20051007,56023.0,20050928,158.0,-9.0,68.0,0.0,2.350535,144.667
824,9.333333333333334,D,41.9511,-110.6433,20070723,20070806,56023.0,20070803,199.0,105.0,142.0,51.0,0.8711566999999999,85.0
825,0.0147058823529411,B,42.17861111,-110.65722222,20060914,20061120,56023.0,20060925,146.0,-11.0,49.0,0.0,1.6344157,119.0
826,0.05,A,42.48388889,-110.64805556,20060705,20060706,56023.0,20060706,224.0,81.0,134.0,25.0,2.2275138,187.0
827,37.17808219178082,F,43.1475,-110.86388889,20070811,20071022,56023.0,20071016,129.0,-10.0,35.0,76.0,2.6943178,100.0
828,0.0045454545454545,A,43.0338889,-110.713889,20100803,20100824,56023.0,20100805,259.0,66.0,153.0,0.0,2.5273335,152.0
829,0.009090909090909,A,43.14194444,-110.74777778,20130920,20130930,56023.0,20130928,38.0,-24.0,2.0,0.0,3.5598339999999995,105.5
830,534.5901639344262,G,42.43416667,-110.60055556,20120624,20121023,56023.0,20120819,266.0,76.0,156.0,25.0,0.4420361,112.5
831,9.333333333333334,D,41.9511,-110.6433,20070723,20070806,56023.0,20070802,179.0,123.0,136.0,102.0,1.7133019,85.0
832,6.3559322033898304,E,42.35583333,-110.78583333,20070825,20071022,56023.0,20071004,118.0,25.0,76.0,0.0,2.3307846000000003,97.75
833,0.9523809523809524,C,42.18222222,-110.76722222,20050915,20051026,56023.0,20050927,148.0,11.0,68.0,0.0,3.2190862,144.667
834,0.0111111111111111,B,42.55527778,-110.86138889,20090918,20091014,56023.0,20091010,30.0,-70.0,-31.0,0.0,0.81320995,80.25
835,534.5901639344262,G,42.43416667,-110.60055556,20120624,20121023,56023.0,20120706,246.0,64.0,147.0,0.0,3.5528672,91.833
836,0.1,A,41.47438,-110.61066,20090806,20090806,56023.0,20090806,226.0,58.0,157.0,0.0,2.729637,111.0
837,9.333333333333334,D,41.9511,-110.6433,20070723,20070806,56023.0,20070729,275.0,76.0,167.0,0.0,0.5315066999999999,85.0
838,37.17808219178082,F,43.1475,-110.86388889,20070811,20071022,56023.0,20070822,221.0,60.0,132.0,0.0,3.5772698,78.0
839,0.0020408163265306,A,42.38472222,-110.55166667,20070904,20071022,56023.0,20071016,129.0,-10.0,35.0,76.0,2.6943178,100.0
840,1.3888888888888888,C,42.73083333,-110.80833333,20120903,20120911,56023.0,20120911,136.0,24.0,91.0,0.0,3.104099,122.0
841,0.125,A,42.58111111,-110.92638889,20050629,20050630,56023.0,20050630,179.0,31.0,103.0,0.0,3.8470728,122.4
842,0.0020408163265306,A,42.38472222,-110.55166667,20070904,20071022,56023.0,20071004,118.0,25.0,76.0,0.0,2.3307846000000003,97.75
843,0.0277777777777777,B,42.18138889,-110.76444444,20070917,20071022,56023.0,20071016,129.0,-10.0,35.0,76.0,2.6943178,100.0
844,534.5901639344262,G,42.43416667,-110.60055556,20120624,20121023,56023.0,20121018,108.0,-34.0,22.0,0.0,1.6850553,114.75
845,0.0015873015873015,A,42.86277778,-110.81166667,20070728,20070928,56023.0,20070822,221.0,60.0,132.0,0.0,3.5772698,78.0
846,0.0131578947368421,A,42.98888889,-110.67194444,20050919,20051007,56023.0,20050927,148.0,11.0,68.0,0.0,3.2190862,144.667
847,534.5901639344262,G,42.43416667,-110.60055556,20120624,20121023,56023.0,20121019,137.0,-26.0,47.0,25.0,2.9217103,114.75
848,0.1,A,42.52111111,-110.88861111,20070820,20070820,56023.0,20070820,202.0,57.0,126.0,0.0,3.363406,78.0
