,FIRE_SIZE,FIRE_SIZE_CLASS,LATITUDE,LONGITUDE,START_DATE,END_DATE,FIPS,DATE,tmax,tmin,tavg,prcp,aws,fmc
0,0.05,A,33.4533,-104.4169,20150704,20150705,35005.0,20150705,361.0,189.0,269.0,8.0,4.626689,92.0
2,1.0,B,33.5344,-104.375,20130315,20130317,35005.0,20130316,317.0,100.0,190.0,0.0,2.9320405,67.0
3,0.1666666666666666,B,32.8549,-105.228303,20150625,20150627,35005.0,20150625,350.0,183.0,265.0,0.0,3.838049700000001,99.7779999999999
6,0.1,A,33.3974,-104.4197,20150722,20150722,35005.0,20150722,367.0,172.0,265.0,0.0,3.6003473,118.142999999999
9,0.1666666666666666,B,32.8549,-105.228303,20150625,20150627,35005.0,20150627,306.0,200.0,260.0,56.0,2.2718384,99.7779999999999
10,0.0666666666666666,A,33.4188,-103.8563,20150603,20150605,35005.0,20150604,372.0,167.0,271.0,0.0,5.325646,89.786
11,0.1,A,32.817903,-104.2583,20150501,20150501,35005.0,20150501,311.0,89.0,196.0,0.0,3.466356,91.111
13,1.0,B,33.5344,-104.375,20130315,20130317,35005.0,20130317,317.0,100.0,190.0,0.0,2.5066740000000003,67.0
17,0.5,B,33.3525,-104.3558,20130408,20130410,35005.0,20130408,300.0,117.0,221.0,0.0,5.738107,168.0
19,0.3,B,33.4478,-105.5392,20130407,20130407,35005.0,20130407,311.0,100.0,207.0,0.0,4.301081,168.0
20,0.5,B,33.3525,-104.3558,20130408,20130410,35005.0,20130410,122.0,-10.0,59.0,0.0,3.9492831,168.0
21,0.1,A,32.821603,-104.268897,20150416,20150416,35005.0,20150416,256.0,100.0,183.0,0.0,6.389151,89.889
24,2.0,B,33.7016,-104.521897,20151116,20151117,35005.0,20151117,167.0,17.0,97.0,0.0,8.308467,104.429
25,0.1,A,33.3686,-104.8471,20150726,20150726,35005.0,20150726,394.0,211.0,298.0,0.0,3.9957788,118.142999999999
26,0.5,B,32.8689,-104.803497,20150828,20150829,35005.0,20150829,328.0,178.0,248.0,8.0,1.6159363000000002,155.0
29,0.1666666666666666,B,32.8549,-105.228303,20150625,20150627,35005.0,20150626,372.0,189.0,276.0,0.0,1.0594811000000002,99.7779999999999
30,1.0,B,33.0278,-104.4406,20130614,20130614,35005.0,20130614,311.0,183.0,263.0,3.0,3.5843287000000004,89.538
31,2.0,B,33.0061,-104.7994,20150723,20150724,35005.0,20150723,383.0,194.0,287.0,23.0,3.793827,118.142999999999
35,0.2,A,33.1895,-104.3508,20150704,20150704,35005.0,20150704,339.0,189.0,255.0,0.0,3.0154810000000003,92.0
38,0.3,B,33.4193,-104.192497,20150810,20150810,35005.0,20150810,383.0,206.0,268.0,20.0,2.81125,125.357
39,3.5,B,33.3186,-104.3525,20150821,20150822,35005.0,20150821,383.0,206.0,282.0,0.0,4.1773195,155.0
42,0.5,B,32.8689,-104.803497,20150828,20150829,35005.0,20150828,350.0,194.0,269.0,20.0,2.6012018,155.0
47,3.25,B,33.4445,-103.888803,20150613,20150614,35005.0,20150613,322.0,161.0,254.0,0.0,3.5771847,96.889
48,3.5,B,33.3186,-104.3525,20150821,20150822,35005.0,20150822,389.0,200.0,283.0,0.0,2.7658634,155.0
49,0.2,A,33.347697,-105.042197,20150531,20150531,35005.0,20150531,300.0,139.0,206.0,0.0,2.8289795,89.786
51,2.0,B,33.47,-104.4163,20140623,20140623,35005.0,20140623,322.0,189.0,261.0,0.0,2.6681066,85.8
53,5.0,B,33.3942,-104.681197,20150906,20150906,35005.0,20150906,361.0,206.0,281.0,0.0,3.0,121.5
58,4.0,B,33.3469,-104.863097,20150706,20150706,35005.0,20150706,367.0,200.0,286.0,0.0,2.987683,92.0
59,0.05,A,33.4533,-104.4169,20150704,20150705,35005.0,20150704,339.0,189.0,255.0,0.0,3.0154810000000003,92.0
61,0.1,A,33.0572,-104.440103,20151210,20151210,35005.0,20151210,256.0,11.0,104.0,0.0,4.201934,81.833
65,0.1,A,33.1072,-104.4417,20130530,20130530,35005.0,20130530,361.0,200.0,282.0,0.0,3.9654813,76.357
66,0.1,A,32.984,-104.439797,20150719,20150719,35005.0,20150719,389.0,222.0,312.0,0.0,2.9501057,110.0
67,5.0,C,33.6369,-103.8956,20130313,20130314,35005.0,20130313,317.0,100.0,190.0,0.0,1.995823,67.0
69,2.0,B,33.7016,-104.521897,20151116,20151117,35005.0,20151116,256.0,56.0,163.0,3.0,6.8196864,104.429
70,0.1,A,32.820597,-104.0411,20150422,20150422,35005.0,20150422,294.0,72.0,184.0,0.0,3.3957693999999994,89.889
76,0.1,A,32.816397,-104.0813,20150422,20150422,35005.0,20150422,294.0,72.0,184.0,0.0,3.3957693999999994,89.889
77,0.1,A,33.53,-104.519203,20150319,20150319,35005.0,20150319,228.0,72.0,137.0,5.0,1.1305419,99.286
78,5.0,C,33.6369,-103.8956,20130313,20130314,35005.0,20130314,317.0,100.0,190.0,0.0,2.2692091,67.0
79,1.0,B,33.5344,-104.375,20130315,20130317,35005.0,20130315,317.0,100.0,190.0,0.0,3.7353072,67.0
81,3.25,B,33.4445,-103.888803,20150613,20150614,35005.0,20150614,328.0,133.0,218.0,91.0,3.6232755,96.889
82,0.5,B,33.3525,-104.3558,20130408,20130410,35005.0,20130409,222.0,39.0,199.0,0.0,7.6251229999999985,168.0
83,4.0,B,33.3419,-104.6977,20150724,20150724,35005.0,20150724,394.0,200.0,290.0,0.0,3.6875634,118.142999999999
84,0.15,B,33.4078,-103.768997,20150724,20150725,35005.0,20150725,394.0,217.0,303.0,0.0,3.0041637000000003,118.142999999999
85,2.0,B,33.0061,-104.7994,20150723,20150724,35005.0,20150724,394.0,200.0,290.0,0.0,3.6875634,118.142999999999
89,0.0666666666666666,A,33.4188,-103.8563,20150603,20150605,35005.0,20150603,367.0,128.0,263.0,0.0,3.3060553,89.786
93,0.15,B,33.4078,-103.768997,20150724,20150725,35005.0,20150724,394.0,200.0,290.0,0.0,3.6875634,118.142999999999
98,0.3,B,33.5003,-104.518997,20150717,20150717,35005.0,20150717,383.0,211.0,296.0,0.0,3.9960136,110.0
105,1.5,B,33.6918,-104.566703,20150912,20150912,35005.0,20150912,339.0,183.0,242.0,0.0,2.6557717,66.0
111,0.3,B,32.9117,-104.8961,20130620,20130620,35005.0,20130620,389.0,206.0,293.0,13.0,6.722411599999999,89.538
114,0.5,B,33.373,-104.3946,20150911,20150912,35005.0,20150911,333.0,161.0,242.0,0.0,2.2817209,66.0
115,16.0,C,33.4281,-103.9575,20130515,20130516,35005.0,20130516,367.0,156.0,271.0,0.0,2.1205852000000003,47.0
116,0.5,B,33.373,-104.3946,20150911,20150912,35005.0,20150912,339.0,183.0,242.0,0.0,2.6557717,66.0
120,0.3,B,33.3542,-104.9708,20130630,20130630,35005.0,20130630,361.0,189.0,292.0,241.0,3.2014482,66.0
123,0.0666666666666666,A,33.4188,-103.8563,20150603,20150605,35005.0,20150605,328.0,172.0,253.0,0.0,5.638096,89.786
124,1.0,B,34.0858,-104.794097,20150717,20150717,35005.0,20150717,383.0,211.0,296.0,0.0,3.9960136,110.0
125,16.0,C,33.4281,-103.9575,20130515,20130516,35005.0,20130515,344.0,144.0,254.0,0.0,3.0681155,47.0
163,0.1,A,33.7628,-103.9239,20050412,20050412,35005.0,20050412,239.0,28.0,133.0,0.0,1.8507476000000005,86.333
173,9.0,B,33.1903,-104.5528,20050804,20050804,35005.0,20050804,356.0,189.0,272.0,0.0,3.202251,91.8
204,6.0,B,33.0681,-104.4483,20050530,20050530,35005.0,20050530,306.0,150.0,228.0,109.0,3.2513554,200.0
210,0.1,A,33.2622,-104.4644,20050420,20050420,35005.0,20050420,311.0,50.0,183.0,0.0,3.6560757000000006,86.333
233,0.1,A,33.4189,-103.8981,20050523,20050523,35005.0,20050523,406.0,178.0,294.0,0.0,5.075756,121.667
284,0.1,A,33.2381,-104.4017,20050729,20050729,35005.0,20050729,311.0,161.0,239.0,0.0,2.681873,91.8
293,0.3,B,33.3833,-104.7306,20050408,20050408,35005.0,20050408,306.0,44.0,178.0,0.0,5.3453608,86.333
316,1.5,B,33.6581,-104.145,20050713,20050713,35005.0,20050713,356.0,194.0,278.0,0.0,1.7755286,99.4
335,23.7,C,32.9997,-104.4214,20050726,20050727,35005.0,20050727,261.0,156.0,211.0,36.0,4.607256400000002,91.8
348,37.0,C,33.0044,-104.4128,20050726,20050726,35005.0,20050726,350.0,194.0,272.0,13.0,3.128724,91.8
352,0.1,A,33.397,-104.4322,20040522,20040522,35005.0,20040522,350.0,150.0,250.0,0.0,5.2058973,97.0
370,0.1,A,33.5176,-104.2055,20040608,20040608,35005.0,20040608,356.0,178.0,267.0,0.0,6.46296,75.0
403,32.0,C,32.9844,-104.4108,20050715,20050715,35005.0,20050715,361.0,206.0,283.0,0.0,3.7553294,91.8
413,0.3,B,33.6589,-104.1381,20050713,20050713,35005.0,20050713,356.0,194.0,278.0,0.0,1.7755286,99.4
454,20.0,C,33.3815,-104.3625,20040309,20040309,35005.0,20040309,211.0,44.0,128.0,0.0,2.16448,58.0
471,2.0,B,33.6831,-104.1089,20050811,20050811,35005.0,20050811,356.0,189.0,272.0,0.0,4.5697417,91.8
503,1.0,B,33.2019,-104.4553,20050628,20050629,35005.0,20050629,389.0,206.0,300.0,0.0,5.5313005,124.6
534,22.8,C,32.46722222,-104.94166667,20050707,20050708,35005.0,20050708,383.0,189.0,289.0,3.0,4.50582,99.4
541,22.8,C,32.46722222,-104.94166667,20050707,20050708,35005.0,20050707,383.0,194.0,289.0,0.0,3.0425868,99.4
546,0.8,B,33.1422,-104.0339,20050706,20050706,35005.0,20050706,372.0,194.0,283.0,0.0,4.1576943,99.4
558,1.0,B,33.2019,-104.4553,20050628,20050629,35005.0,20050628,389.0,183.0,289.0,0.0,5.844522,124.6
609,23.7,C,32.9997,-104.4214,20050726,20050727,35005.0,20050726,350.0,194.0,272.0,13.0,3.128724,91.8
642,110.0,D,33.0147,-104.3694,20050808,20050808,35005.0,20050808,356.0,189.0,272.0,0.0,2.9683974,91.8
688,0.3,B,33.3658,-104.385,20050822,20050822,35005.0,20050822,356.0,189.0,272.0,0.0,2.2840612,91.8
