,FIRE_SIZE,FIRE_SIZE_CLASS,LATITUDE,LONGITUDE,START_DATE,END_DATE,FIPS,DATE,tmax,tmin,tavg,prcp,aws,fmc
0,1.0,B,36.358633,-120.85685,20131229,20131229,6069.0,20131229,228.0,44.0,111.0,0.0,5.016009,31.25
2,2.0,B,36.555661,-120.840653,20150627,20150627,6069.0,20150627,222.0,144.0,167.0,0.0,1.3793114,37.4
7,60.0,C,36.580931,-120.735389,20020906,20020906,6069.0,20020906,222.0,128.0,178.0,0.0,2.3385756,48.0
9,0.0129870129870129,B,36.378419,-120.913139,20010726,20011226,6069.0,20011014,322.0,111.0,217.0,0.0,1.2101594,62.667
10,0.0129870129870129,B,36.378419,-120.913139,20010726,20011226,6069.0,20011013,261.0,128.0,194.0,0.0,2.4148004000000003,62.667
11,0.0129870129870129,B,36.378419,-120.913139,20010726,20011226,6069.0,20010804,222.0,139.0,183.0,0.0,2.30972,64.0
13,0.0129870129870129,B,36.378419,-120.913139,20010726,20011226,6069.0,20010921,161.0,111.0,139.0,0.0,2.1931684,57.0
14,0.0129870129870129,B,36.378419,-120.913139,20010726,20011226,6069.0,20010726,194.0,128.0,161.0,0.0,2.4429512000000004,66.667
16,23.8,D,36.333561,-120.737911,20040809,20040813,6069.0,20040812,206.0,139.0,172.0,0.0,2.1510284,56.667
17,0.0129870129870129,B,36.378419,-120.913139,20010726,20011226,6069.0,20011109,256.0,89.0,172.0,0.0,1.6505142,62.667
18,0.0129870129870129,B,36.378419,-120.913139,20010726,20011226,6069.0,20010918,178.0,117.0,150.0,0.0,1.9313226000000003,57.0
19,0.1,A,36.744569,-121.336369,20040503,20040503,6069.0,20040503,239.0,100.0,172.0,0.0,3.2172072,93.0
20,0.0129870129870129,B,36.378419,-120.913139,20010726,20011226,6069.0,20010803,189.0,122.0,156.0,0.0,2.2877896,64.0
21,0.0129870129870129,B,36.378419,-120.913139,20010726,20011226,6069.0,20010920,172.0,117.0,144.0,0.0,1.4361831,57.0
22,0.0129870129870129,B,36.378419,-120.913139,20010726,20011226,6069.0,20010816,200.0,111.0,156.0,0.0,1.8722531,64.0
24,23.8,D,36.333561,-120.737911,20040809,20040813,6069.0,20040811,211.0,128.0,172.0,0.0,2.62131,56.667
25,0.0129870129870129,B,36.378419,-120.913139,20010726,20011226,6069.0,20010814,172.0,117.0,144.0,0.0,3.2275867000000003,64.0
26,0.0129870129870129,B,36.378419,-120.913139,20010726,20011226,6069.0,20010905,194.0,122.0,161.0,0.0,3.2643514,58.667
27,0.0129870129870129,B,36.378419,-120.913139,20010726,20011226,6069.0,20010906,211.0,100.0,156.0,0.0,2.3773942000000003,58.667
28,0.0129870129870129,B,36.378419,-120.913139,20010726,20011226,6069.0,20010815,161.0,111.0,139.0,0.0,2.465317,64.0
30,0.0129870129870129,B,36.378419,-120.913139,20010726,20011226,6069.0,20010916,161.0,128.0,144.0,0.0,3.0881176,57.0
31,0.1,A,36.667139,-120.922261,20040903,20040903,6069.0,20040903,278.0,89.0,183.0,0.0,4.7852297,51.333
32,0.0129870129870129,B,36.378419,-120.913139,20010726,20011226,6069.0,20010919,183.0,111.0,150.0,0.0,1.7380749,57.0
33,0.0129870129870129,B,36.378419,-120.913139,20010726,20011226,6069.0,20010917,178.0,122.0,150.0,0.0,2.0280595,57.0
34,0.0129870129870129,B,36.378419,-120.913139,20010726,20011226,6069.0,20010805,244.0,133.0,189.0,0.0,2.612218,64.0
35,0.0129870129870129,B,36.378419,-120.913139,20010726,20011226,6069.0,20010930,372.0,117.0,244.0,0.0,1.8352071,60.667
36,0.0129870129870129,B,36.378419,-120.913139,20010726,20011226,6069.0,20010915,200.0,117.0,161.0,0.0,2.5453105,57.0
37,2.0,B,36.358428,-120.782131,20050624,20050624,6069.0,20050624,200.0,139.0,172.0,0.0,2.2537527,74.0
38,0.0129870129870129,B,36.378419,-120.913139,20010726,20011226,6069.0,20011006,178.0,111.0,144.0,0.0,2.3282049,60.667
39,0.0129870129870129,B,36.378419,-120.913139,20010726,20011226,6069.0,20010927,189.0,128.0,161.0,0.0,3.9741337,60.667
40,0.0129870129870129,B,36.378419,-120.913139,20010726,20011226,6069.0,20010808,200.0,128.0,167.0,0.0,2.1992114,64.0
41,0.0129870129870129,B,36.378419,-120.913139,20010726,20011226,6069.0,20010910,222.0,128.0,178.0,0.0,0.98615944,57.0
42,0.0129870129870129,B,36.378419,-120.913139,20010726,20011226,6069.0,20010928,217.0,100.0,161.0,0.0,3.7540715,60.667
43,0.0129870129870129,B,36.378419,-120.913139,20010726,20011226,6069.0,20010729,183.0,128.0,156.0,0.0,2.7523150000000003,64.0
44,0.0129870129870129,B,36.378419,-120.913139,20010726,20011226,6069.0,20011005,206.0,144.0,178.0,0.0,2.0338438,60.667
45,23.8,D,36.333561,-120.737911,20040809,20040813,6069.0,20040810,189.0,133.0,161.0,0.0,2.6726236,56.667
46,0.0129870129870129,B,36.378419,-120.913139,20010726,20011226,6069.0,20010911,239.0,150.0,194.0,0.0,1.2332864,57.0
48,0.0129870129870129,B,36.378419,-120.913139,20010726,20011226,6069.0,20010912,206.0,122.0,167.0,0.0,2.4363253,57.0
49,0.0129870129870129,B,36.378419,-120.913139,20010726,20011226,6069.0,20010913,217.0,133.0,178.0,0.0,2.1900868,57.0
50,0.0129870129870129,B,36.378419,-120.913139,20010726,20011226,6069.0,20011015,222.0,111.0,167.0,0.0,1.5492282,62.667
51,0.0129870129870129,B,36.378419,-120.913139,20010726,20011226,6069.0,20011003,206.0,100.0,156.0,0.0,1.8534906,60.667
52,0.0129870129870129,B,36.378419,-120.913139,20010726,20011226,6069.0,20011002,172.0,122.0,150.0,0.0,2.7056289,60.667
53,0.0129870129870129,B,36.378419,-120.913139,20010726,20011226,6069.0,20010801,200.0,117.0,161.0,0.0,2.414815,64.0
55,0.0129870129870129,B,36.378419,-120.913139,20010726,20011226,6069.0,20010730,211.0,133.0,172.0,0.0,2.5478854,64.0
57,23.8,D,36.333561,-120.737911,20040809,20040813,6069.0,20040809,206.0,139.0,172.0,0.0,2.795085,56.667
58,0.0129870129870129,B,36.378419,-120.913139,20010726,20011226,6069.0,20010929,250.0,83.0,167.0,0.0,3.3903718,60.667
60,0.0129870129870129,B,36.378419,-120.913139,20010726,20011226,6069.0,20011001,211.0,117.0,167.0,0.0,1.4840832,60.667
61,0.0129870129870129,B,36.378419,-120.913139,20010726,20011226,6069.0,20010731,200.0,106.0,156.0,0.0,3.0220897,64.0
62,0.0129870129870129,B,36.378419,-120.913139,20010726,20011226,6069.0,20011004,172.0,122.0,150.0,0.0,0.7648547,60.667
63,0.0129870129870129,B,36.378419,-120.913139,20010726,20011226,6069.0,20010926,250.0,100.0,178.0,0.0,3.6764255,60.667
64,0.0129870129870129,B,36.378419,-120.913139,20010726,20011226,6069.0,20011007,206.0,89.0,150.0,0.0,1.4941269,60.667
65,0.0129870129870129,B,36.378419,-120.913139,20010726,20011226,6069.0,20010909,206.0,111.0,161.0,0.0,0.3080595999999999,58.667
66,0.0129870129870129,B,36.378419,-120.913139,20010726,20011226,6069.0,20010806,200.0,122.0,161.0,0.0,2.8931208,64.0
67,0.0129870129870129,B,36.378419,-120.913139,20010726,20011226,6069.0,20010727,183.0,117.0,150.0,0.0,1.7266126,64.0
69,0.0129870129870129,B,36.378419,-120.913139,20010726,20011226,6069.0,20010812,211.0,139.0,178.0,0.0,3.015333,64.0
70,0.0129870129870129,B,36.378419,-120.913139,20010726,20011226,6069.0,20010922,211.0,106.0,161.0,0.0,1.8236213,57.0
72,0.0129870129870129,B,36.378419,-120.913139,20010726,20011226,6069.0,20010923,183.0,122.0,156.0,0.0,1.5745862,57.0
73,0.1,A,36.3044,-120.702489,20030204,20030204,6069.0,20030204,206.0,28.0,117.0,0.0,1.5800365,133.0
74,0.1,A,36.362711,-120.609031,20030624,20030624,6069.0,20030624,217.0,83.0,150.0,0.0,4.107423000000002,78.0
75,0.0129870129870129,B,36.378419,-120.913139,20010726,20011226,6069.0,20010807,189.0,117.0,156.0,0.0,2.8342607,64.0
76,0.0129870129870129,B,36.378419,-120.913139,20010726,20011226,6069.0,20010802,206.0,117.0,161.0,0.0,2.09619,64.0
77,3.0,B,36.362061,-120.773089,19980809,19980809,6069.0,19980809,189.0,122.0,156.0,0.0,2.546159,79.333
78,0.0129870129870129,B,36.378419,-120.913139,20010726,20011226,6069.0,20010728,194.0,117.0,156.0,0.0,2.507981,64.0
79,0.0129870129870129,B,36.378419,-120.913139,20010726,20011226,6069.0,20011012,294.0,78.0,189.0,0.0,3.090789,60.667
80,0.0129870129870129,B,36.378419,-120.913139,20010726,20011226,6069.0,20010924,183.0,122.0,156.0,15.0,0.38896686,57.0
81,0.0129870129870129,B,36.378419,-120.913139,20010726,20011226,6069.0,20010811,194.0,117.0,156.0,0.0,2.9563036,64.0
82,0.0129870129870129,B,36.378419,-120.913139,20010726,20011226,6069.0,20010914,178.0,106.0,144.0,0.0,1.8366289,57.0
83,0.0129870129870129,B,36.378419,-120.913139,20010726,20011226,6069.0,20010925,217.0,122.0,172.0,0.0,1.7042569,57.0
84,0.0129870129870129,B,36.378419,-120.913139,20010726,20011226,6069.0,20011011,189.0,111.0,150.0,0.0,3.3436790000000003,60.667
85,0.0129870129870129,B,36.378419,-120.913139,20010726,20011226,6069.0,20011010,206.0,78.0,144.0,0.0,1.9334208,60.667
86,0.0129870129870129,B,36.378419,-120.913139,20010726,20011226,6069.0,20010810,222.0,139.0,183.0,0.0,2.70046,64.0
87,0.0129870129870129,B,36.378419,-120.913139,20010726,20011226,6069.0,20010908,194.0,117.0,156.0,0.0,1.0912441000000002,58.667
90,0.0129870129870129,B,36.378419,-120.913139,20010726,20011226,6069.0,20011009,183.0,94.0,139.0,0.0,2.890671,60.667
91,0.0129870129870129,B,36.378419,-120.913139,20010726,20011226,6069.0,20011008,172.0,128.0,150.0,0.0,2.7829878,60.667
92,15.0,C,36.3046,-120.685039,20010626,20010626,6069.0,20010626,222.0,128.0,178.0,0.0,1.133188,66.667
93,0.0129870129870129,B,36.378419,-120.913139,20010726,20011226,6069.0,20010907,206.0,78.0,144.0,0.0,1.1098199,58.667
94,0.0129870129870129,B,36.378419,-120.913139,20010726,20011226,6069.0,20010809,200.0,133.0,167.0,0.0,1.5520706,64.0
95,0.0129870129870129,B,36.378419,-120.913139,20010726,20011226,6069.0,20011108,250.0,78.0,167.0,0.0,1.9112754,62.667
98,0.0129870129870129,B,36.378419,-120.913139,20010726,20011226,6069.0,20011028,194.0,89.0,144.0,0.0,0.9900461,62.667
99,0.0129870129870129,B,36.378419,-120.913139,20010726,20011226,6069.0,20010827,206.0,94.0,150.0,8.0,4.142229,58.667
100,0.0129870129870129,B,36.378419,-120.913139,20010726,20011226,6069.0,20010817,200.0,94.0,150.0,0.0,1.8672436,64.0
105,0.0129870129870129,B,36.378419,-120.913139,20010726,20011226,6069.0,20011027,194.0,100.0,150.0,0.0,1.2539933,62.667
108,0.0129870129870129,B,36.378419,-120.913139,20010726,20011226,6069.0,20010901,200.0,111.0,156.0,0.0,2.313548,58.667
111,0.0129870129870129,B,36.378419,-120.913139,20010726,20011226,6069.0,20011030,189.0,111.0,150.0,41.0,2.9960763,62.667
115,0.0129870129870129,B,36.378419,-120.913139,20010726,20011226,6069.0,20011029,211.0,111.0,161.0,0.0,3.5534825,62.667
119,0.0129870129870129,B,36.378419,-120.913139,20010726,20011226,6069.0,20010904,200.0,122.0,161.0,0.0,2.8419197,58.667
120,0.0129870129870129,B,36.378419,-120.913139,20010726,20011226,6069.0,20011021,156.0,117.0,139.0,0.0,2.0088327,62.667
121,0.0129870129870129,B,36.378419,-120.913139,20010726,20011226,6069.0,20010822,228.0,139.0,183.0,0.0,3.3687515,58.667
122,0.0129870129870129,B,36.378419,-120.913139,20010726,20011226,6069.0,20010823,250.0,139.0,194.0,0.0,2.325447,58.667
123,0.0129870129870129,B,36.378419,-120.913139,20010726,20011226,6069.0,20010903,244.0,117.0,183.0,0.0,2.2339606,58.667
124,0.0129870129870129,B,36.378419,-120.913139,20010726,20011226,6069.0,20010824,194.0,133.0,167.0,0.0,3.8701987,58.667
125,0.0129870129870129,B,36.378419,-120.913139,20010726,20011226,6069.0,20011022,178.0,106.0,144.0,0.0,3.6610374,62.667
126,0.0129870129870129,B,36.378419,-120.913139,20010726,20011226,6069.0,20010825,183.0,89.0,139.0,3.0,4.138177,58.667
128,0.0129870129870129,B,36.378419,-120.913139,20010726,20011226,6069.0,20011023,161.0,89.0,128.0,0.0,5.1886845,62.667
129,0.0129870129870129,B,36.378419,-120.913139,20010726,20011226,6069.0,20011024,244.0,72.0,161.0,0.0,3.3390064,62.667
130,0.0129870129870129,B,36.378419,-120.913139,20010726,20011226,6069.0,20011025,256.0,83.0,172.0,0.0,1.1715379,62.667
131,0.3,B,36.3621,-120.814019,19980815,19980815,6069.0,19980815,183.0,133.0,161.0,0.0,2.3645678,79.333
135,0.0129870129870129,B,36.378419,-120.913139,20010726,20011226,6069.0,20011026,161.0,83.0,122.0,0.0,0.5399933000000001,62.667
136,0.0129870129870129,B,36.378419,-120.913139,20010726,20011226,6069.0,20010826,222.0,117.0,172.0,0.0,3.1798203,58.667
137,0.0129870129870129,B,36.378419,-120.913139,20010726,20011226,6069.0,20010902,206.0,106.0,156.0,0.0,1.3723393999999998,58.667
140,0.0129870129870129,B,36.378419,-120.913139,20010726,20011226,6069.0,20010828,244.0,89.0,167.0,0.0,4.4525337,58.667
141,0.0129870129870129,B,36.378419,-120.913139,20010726,20011226,6069.0,20011120,211.0,100.0,156.0,0.0,0.89537275,62.667
142,0.0129870129870129,B,36.378419,-120.913139,20010726,20011226,6069.0,20011119,178.0,83.0,133.0,0.0,1.5198021000000002,62.667
143,0.0129870129870129,B,36.378419,-120.913139,20010726,20011226,6069.0,20011103,189.0,100.0,144.0,0.0,1.89763,62.667
144,0.0129870129870129,B,36.378419,-120.913139,20010726,20011226,6069.0,20011118,200.0,83.0,144.0,0.0,1.2180735,62.667
145,0.0129870129870129,B,36.378419,-120.913139,20010726,20011226,6069.0,20011104,167.0,67.0,117.0,3.0,2.772185,62.667
146,0.0129870129870129,B,36.378419,-120.913139,20010726,20011226,6069.0,20011105,194.0,83.0,139.0,0.0,3.230142,62.667
147,0.0129870129870129,B,36.378419,-120.913139,20010726,20011226,6069.0,20011106,150.0,78.0,117.0,0.0,3.4659777000000003,62.667
148,0.0129870129870129,B,36.378419,-120.913139,20010726,20011226,6069.0,20010829,194.0,122.0,161.0,0.0,2.8409142000000003,58.667
149,0.0129870129870129,B,36.378419,-120.913139,20010726,20011226,6069.0,20011102,167.0,72.0,122.0,0.0,0.92265797,62.667
150,0.0129870129870129,B,36.378419,-120.913139,20010726,20011226,6069.0,20011117,156.0,89.0,122.0,3.0,1.5989015,62.667
151,0.0129870129870129,B,36.378419,-120.913139,20010726,20011226,6069.0,20011107,222.0,22.0,122.0,0.0,2.044755,62.667
152,0.0129870129870129,B,36.378419,-120.913139,20010726,20011226,6069.0,20011115,178.0,83.0,133.0,3.0,0.2899933,62.667
153,0.0129870129870129,B,36.378419,-120.913139,20010726,20011226,6069.0,20011114,200.0,111.0,156.0,0.0,0.66999817,62.667
154,0.0129870129870129,B,36.378419,-120.913139,20010726,20011226,6069.0,20011113,189.0,83.0,139.0,0.0,2.4811509,62.667
155,0.0129870129870129,B,36.378419,-120.913139,20010726,20011226,6069.0,20011112,183.0,111.0,150.0,241.0,4.5389457,62.667
156,0.0129870129870129,B,36.378419,-120.913139,20010726,20011226,6069.0,20011111,222.0,117.0,172.0,25.0,5.3065343,62.667
157,0.0129870129870129,B,36.378419,-120.913139,20010726,20011226,6069.0,20011110,172.0,72.0,122.0,25.0,2.8920076,62.667
158,0.0129870129870129,B,36.378419,-120.913139,20010726,20011226,6069.0,20010830,200.0,139.0,172.0,0.0,1.5771574,58.667
159,0.0129870129870129,B,36.378419,-120.913139,20010726,20011226,6069.0,20011116,189.0,111.0,150.0,0.0,0.29427266,62.667
160,0.0129870129870129,B,36.378419,-120.913139,20010726,20011226,6069.0,20011121,200.0,122.0,161.0,0.0,1.620026,62.667
161,0.0129870129870129,B,36.378419,-120.913139,20010726,20011226,6069.0,20011122,167.0,111.0,139.0,28.0,1.9464146,62.667
162,0.0129870129870129,B,36.378419,-120.913139,20010726,20011226,6069.0,20010831,200.0,122.0,161.0,0.0,2.5143542,58.667
169,0.0129870129870129,B,36.378419,-120.913139,20010726,20011226,6069.0,20011130,139.0,56.0,100.0,0.0,0.45122093,62.667
170,0.0129870129870129,B,36.378419,-120.913139,20010726,20011226,6069.0,20011129,150.0,94.0,122.0,71.0,1.8197031000000004,62.667
171,0.0129870129870129,B,36.378419,-120.913139,20010726,20011226,6069.0,20011128,144.0,78.0,111.0,36.0,3.9313762,62.667
172,0.0129870129870129,B,36.378419,-120.913139,20010726,20011226,6069.0,20011127,139.0,39.0,89.0,0.0,1.8680773,62.667
173,0.0129870129870129,B,36.378419,-120.913139,20010726,20011226,6069.0,20011126,150.0,39.0,94.0,0.0,0.7156845000000001,62.667
175,23.8,D,36.333561,-120.737911,20040809,20040813,6069.0,20040813,206.0,150.0,178.0,0.0,1.7541326000000002,56.667
176,0.0129870129870129,B,36.378419,-120.913139,20010726,20011226,6069.0,20011031,167.0,78.0,122.0,0.0,0.053856067,62.667
177,0.0129870129870129,B,36.378419,-120.913139,20010726,20011226,6069.0,20011125,133.0,61.0,100.0,0.0,1.6770605,62.667
178,0.0129870129870129,B,36.378419,-120.913139,20010726,20011226,6069.0,20011124,172.0,83.0,128.0,56.0,3.3008013,62.667
179,0.0129870129870129,B,36.378419,-120.913139,20010726,20011226,6069.0,20011123,156.0,106.0,133.0,0.0,0.98736537,62.667
180,0.0129870129870129,B,36.378419,-120.913139,20010726,20011226,6069.0,20011101,217.0,83.0,150.0,0.0,0.92702794,62.667
182,0.0129870129870129,B,36.378419,-120.913139,20010726,20011226,6069.0,20010821,200.0,133.0,167.0,0.0,3.2105603,58.667
183,0.0129870129870129,B,36.378419,-120.913139,20010726,20011226,6069.0,20011020,206.0,106.0,156.0,0.0,1.4016084999999998,62.667
184,0.0129870129870129,B,36.378419,-120.913139,20010726,20011226,6069.0,20010813,200.0,133.0,167.0,0.0,2.8681898,64.0
186,0.0129870129870129,B,36.378419,-120.913139,20010726,20011226,6069.0,20011017,194.0,122.0,161.0,0.0,0.8228017,62.667
187,0.0129870129870129,B,36.378419,-120.913139,20010726,20011226,6069.0,20010818,211.0,111.0,161.0,0.0,2.9308355,64.0
188,0.0129870129870129,B,36.378419,-120.913139,20010726,20011226,6069.0,20011018,206.0,100.0,156.0,0.0,0.772016,62.667
189,0.2,A,36.319361,-120.737811,19981228,19981228,6069.0,19981228,150.0,6.0,78.0,0.0,1.9416437,76.333
191,0.0129870129870129,B,36.378419,-120.913139,20010726,20011226,6069.0,20011019,217.0,83.0,150.0,0.0,0.87823135,62.667
192,0.0129870129870129,B,36.378419,-120.913139,20010726,20011226,6069.0,20011016,172.0,122.0,150.0,0.0,0.7971213,62.667
193,0.0129870129870129,B,36.378419,-120.913139,20010726,20011226,6069.0,20010820,172.0,128.0,150.0,0.0,2.1876864,58.667
194,0.0129870129870129,B,36.378419,-120.913139,20010726,20011226,6069.0,20010819,183.0,83.0,133.0,0.0,2.8276699,58.667
