,FIRE_SIZE,FIRE_SIZE_CLASS,LATITUDE,LONGITUDE,START_DATE,END_DATE,FIPS,DATE,tmax,tmin,tavg,prcp,aws,fmc
0,0.0066666666666666,A,37.44222,-106.23556,20150701,20150715,8105.0,20150705,165.0,71.0,106.0,0.0,2.4378524,98.75
2,0.1,A,37.65027778,-106.63333333,20130709,20130709,8105.0,20130709,194.0,86.0,128.0,0.0,0.73163676,72.0
3,0.0066666666666666,A,37.44222,-106.23556,20150701,20150715,8105.0,20150708,124.0,43.0,72.0,25.0,1.2502499,97.75
4,0.1,A,37.88277778,-106.95944444,20150822,20150822,8105.0,20150822,166.0,60.0,101.0,25.0,3.9847364,56.75
5,0.1,A,37.8116667,-106.737222,20100605,20100605,8105.0,20100605,205.0,57.0,130.0,0.0,3.2672498,38.25
6,0.1,A,37.51666667,-106.53333333,20130622,20130622,8105.0,20130622,147.0,60.0,105.0,0.0,3.1531768,51.333
7,0.0066666666666666,A,37.44222,-106.23556,20150701,20150715,8105.0,20150701,211.0,69.0,115.0,51.0,0.56180507,98.75
8,0.0066666666666666,A,37.44222,-106.23556,20150701,20150715,8105.0,20150712,154.0,68.0,98.0,0.0,2.0931435,97.75
9,0.1,A,37.70027778,-106.81666667,20130711,20130711,8105.0,20130711,173.0,77.0,116.0,51.0,2.0530274,72.0
10,0.0066666666666666,A,37.44222,-106.23556,20150701,20150715,8105.0,20150706,167.0,54.0,88.0,51.0,1.5508063,98.75
11,0.1,A,37.51694444,-106.51666667,20130716,20130716,8105.0,20130716,144.0,27.0,81.0,0.0,2.0850492,101.25
12,0.0066666666666666,A,37.44222,-106.23556,20150701,20150715,8105.0,20150702,174.0,64.0,104.0,76.0,1.2010412,98.75
13,0.4,B,37.82694444,-106.39722222,20150620,20150620,8105.0,20150620,223.0,54.0,134.0,0.0,1.8910974,59.5
15,0.0066666666666666,A,37.44222,-106.23556,20150701,20150715,8105.0,20150711,153.0,52.0,96.0,0.0,2.1613073,97.75
16,0.0066666666666666,A,37.44222,-106.23556,20150701,20150715,8105.0,20150703,154.0,56.0,92.0,51.0,1.4916433,98.75
17,0.1,A,37.64289,-106.288,20120713,20120713,8105.0,20120713,138.0,82.0,107.0,0.0,1.1085594,90.25
18,0.5,B,37.64138889,-106.6675,20120622,20120622,8105.0,20120622,196.0,89.0,141.0,0.0,3.7481885,66.0
19,0.1,A,37.64194444,-106.62166667,20140907,20140907,8105.0,20140907,149.0,47.0,86.0,0.0,1.6058979,76.75
20,0.0066666666666666,A,37.44222,-106.23556,20150701,20150715,8105.0,20150707,110.0,49.0,67.0,203.0,1.6387876,97.75
21,0.1,A,37.66055556,-106.64055556,20120703,20120703,8105.0,20120703,186.0,65.0,107.0,76.0,0.44923055,70.75
23,0.0066666666666666,A,37.44222,-106.23556,20150701,20150715,8105.0,20150714,139.0,47.0,71.0,127.0,1.391492,97.75
24,0.1,A,37.66111111,-106.67888889,20130708,20130708,8105.0,20130708,180.0,62.0,114.0,25.0,1.5337551,72.0
25,0.0066666666666666,A,37.44222,-106.23556,20150701,20150715,8105.0,20150704,177.0,59.0,103.0,0.0,1.6547279,98.75
26,0.0066666666666666,A,37.44222,-106.23556,20150701,20150715,8105.0,20150710,120.0,46.0,78.0,25.0,2.1945956,97.75
27,0.1,A,37.483333,-106.389286,20130820,20130820,8105.0,20130820,195.0,69.0,114.0,25.0,1.114857,106.0
28,0.25,A,37.53888889,-106.62416667,20120614,20120614,8105.0,20120614,181.0,48.0,112.0,0.0,2.6092973,54.25
29,0.0066666666666666,A,37.44222,-106.23556,20150701,20150715,8105.0,20150713,140.0,56.0,88.0,178.0,2.0435874,97.75
30,0.5,B,37.7855556,-106.418056,20100511,20100511,8105.0,20100511,76.0,-74.0,-1.0,0.0,4.246501,42.0
31,0.1,A,37.5402778,-106.793611,20100701,20100701,8105.0,20100701,168.0,60.0,107.0,0.0,2.3409383,54.25
32,0.0066666666666666,A,37.44222,-106.23556,20150701,20150715,8105.0,20150709,121.0,41.0,71.0,0.0,1.4022304,97.75
33,0.0066666666666666,A,37.44222,-106.23556,20150701,20150715,8105.0,20150715,150.0,39.0,83.0,25.0,1.8027756,97.75
34,0.1363636363636363,B,37.50472222,-106.68694444,20090809,20091013,8105.0,20091007,40.0,-4.0,16.0,152.0,1.8191519,98.5
35,0.1363636363636363,B,37.50472222,-106.68694444,20090809,20091013,8105.0,20091009,54.0,-66.0,-2.0,25.0,3.67087,98.5
38,0.1363636363636363,B,37.50472222,-106.68694444,20090809,20091013,8105.0,20091012,74.0,-13.0,21.0,0.0,3.353937,98.5
40,0.1363636363636363,B,37.50472222,-106.68694444,20090809,20091013,8105.0,20091008,15.0,-39.0,-13.0,0.0,2.0421605,98.5
42,0.0333333333333333,A,37.73722222,-106.58388889,20130806,20130808,8105.0,20130806,130.0,44.0,80.0,76.0,0.89185417,107.5
44,0.1363636363636363,B,37.50472222,-106.68694444,20090809,20091013,8105.0,20091013,34.0,-9.0,12.0,127.0,2.946078,98.5
47,0.1363636363636363,B,37.50472222,-106.68694444,20090809,20091013,8105.0,20091010,53.0,-5.0,17.0,25.0,2.6522462000000004,98.5
49,0.05,A,37.6580556,-106.668056,20100711,20100712,8105.0,20100711,181.0,51.0,102.0,0.0,1.4217231,69.5
53,0.0333333333333333,A,37.73722222,-106.58388889,20130806,20130808,8105.0,20130807,108.0,37.0,62.0,152.0,1.3104515,106.0
54,0.0333333333333333,A,37.73722222,-106.58388889,20130806,20130808,8105.0,20130808,113.0,24.0,54.0,229.0,1.6868063999999998,106.0
56,0.1363636363636363,B,37.50472222,-106.68694444,20090809,20091013,8105.0,20091011,46.0,-2.0,16.0,0.0,2.8825218999999995,98.5
59,0.05,A,37.6580556,-106.668056,20100711,20100712,8105.0,20100712,189.0,33.0,109.0,0.0,3.0000093,69.5
60,0.1363636363636363,B,37.50472222,-106.68694444,20090809,20091013,8105.0,20090909,134.0,40.0,72.0,0.0,1.4883858,98.5
61,0.1363636363636363,B,37.50472222,-106.68694444,20090809,20091013,8105.0,20090831,163.0,39.0,91.0,25.0,2.5461578,64.75
70,0.1363636363636363,B,37.50472222,-106.68694444,20090809,20091013,8105.0,20091003,76.0,-2.0,31.0,0.0,2.360383,98.5
72,0.1363636363636363,B,37.50472222,-106.68694444,20090809,20091013,8105.0,20090924,43.0,-68.0,-14.0,0.0,1.1964207,98.5
89,0.1363636363636363,B,37.50472222,-106.68694444,20090809,20091013,8105.0,20090923,67.0,-48.0,-7.0,102.0,2.0038395,98.5
94,0.1363636363636363,B,37.50472222,-106.68694444,20090809,20091013,8105.0,20090917,100.0,17.0,50.0,25.0,1.8357525,98.5
95,0.1363636363636363,B,37.50472222,-106.68694444,20090809,20091013,8105.0,20090918,128.0,10.0,53.0,0.0,0.90000916,98.5
96,0.1363636363636363,B,37.50472222,-106.68694444,20090809,20091013,8105.0,20090814,117.0,28.0,62.0,76.0,2.1352808,67.25
98,0.1363636363636363,B,37.50472222,-106.68694444,20090809,20091013,8105.0,20090813,166.0,54.0,95.0,102.0,1.8828242,67.25
101,0.1363636363636363,B,37.50472222,-106.68694444,20090809,20091013,8105.0,20090919,121.0,12.0,49.0,0.0,1.8603528000000005,98.5
104,0.1363636363636363,B,37.50472222,-106.68694444,20090809,20091013,8105.0,20090812,199.0,71.0,123.0,0.0,1.430046,67.25
107,0.1363636363636363,B,37.50472222,-106.68694444,20090809,20091013,8105.0,20090811,189.0,53.0,114.0,0.0,0.17719956,69.5
109,0.1363636363636363,B,37.50472222,-106.68694444,20090809,20091013,8105.0,20091004,52.0,-5.0,24.0,25.0,3.6599822,98.5
110,0.1363636363636363,B,37.50472222,-106.68694444,20090809,20091013,8105.0,20090810,165.0,59.0,110.0,0.0,1.1356871000000002,69.5
114,0.1363636363636363,B,37.50472222,-106.68694444,20090809,20091013,8105.0,20090920,119.0,2.0,36.0,0.0,3.5440178,98.5
117,0.1363636363636363,B,37.50472222,-106.68694444,20090809,20091013,8105.0,20090921,79.0,-59.0,12.0,0.0,1.7808361,98.5
119,0.1363636363636363,B,37.50472222,-106.68694444,20090809,20091013,8105.0,20090922,42.0,-68.0,-25.0,25.0,1.9512532,98.5
120,0.1363636363636363,B,37.50472222,-106.68694444,20090809,20091013,8105.0,20090809,154.0,67.0,101.0,0.0,2.4167793,69.5
125,0.1363636363636363,B,37.50472222,-106.68694444,20090809,20091013,8105.0,20090927,185.0,19.0,95.0,0.0,2.6617718,98.5
131,0.1363636363636363,B,37.50472222,-106.68694444,20090809,20091013,8105.0,20090928,145.0,50.0,93.0,0.0,1.9588084,98.5
132,0.1363636363636363,B,37.50472222,-106.68694444,20090809,20091013,8105.0,20091001,34.0,-79.0,-27.0,0.0,4.4911995000000005,98.5
134,0.1363636363636363,B,37.50472222,-106.68694444,20090809,20091013,8105.0,20090929,117.0,36.0,84.0,0.0,3.2327905,98.5
144,0.1363636363636363,B,37.50472222,-106.68694444,20090809,20091013,8105.0,20090930,71.0,-35.0,30.0,127.0,5.039124500000002,98.5
148,0.01,A,37.64055556,-106.61916667,20090706,20090706,8105.0,20090706,142.0,48.0,81.0,0.0,1.1346483,78.0
161,0.1363636363636363,B,37.50472222,-106.68694444,20090809,20091013,8105.0,20090925,99.0,-40.0,27.0,25.0,2.8359327000000003,98.5
166,0.1363636363636363,B,37.50472222,-106.68694444,20090809,20091013,8105.0,20091002,75.0,-51.0,17.0,0.0,1.2078483,98.5
173,0.1363636363636363,B,37.50472222,-106.68694444,20090809,20091013,8105.0,20090926,152.0,2.0,68.0,0.0,1.276641,98.5
182,0.1363636363636363,B,37.50472222,-106.68694444,20090809,20091013,8105.0,20090916,131.0,22.0,67.0,25.0,2.4545841,98.5
184,0.1363636363636363,B,37.50472222,-106.68694444,20090809,20091013,8105.0,20090815,124.0,50.0,89.0,25.0,4.1489596,67.25
187,0.1363636363636363,B,37.50472222,-106.68694444,20090809,20091013,8105.0,20090902,172.0,52.0,88.0,0.0,1.4061629,64.75
188,0.1363636363636363,B,37.50472222,-106.68694444,20090809,20091013,8105.0,20090826,157.0,13.0,79.0,0.0,1.930018,64.75
192,0.1363636363636363,B,37.50472222,-106.68694444,20090809,20091013,8105.0,20090823,150.0,74.0,105.0,0.0,2.8987095000000003,67.25
194,0.1363636363636363,B,37.50472222,-106.68694444,20090809,20091013,8105.0,20090908,131.0,40.0,74.0,25.0,1.7321593999999998,98.5
195,0.1363636363636363,B,37.50472222,-106.68694444,20090809,20091013,8105.0,20090907,130.0,38.0,80.0,0.0,1.8848845,64.75
200,0.1363636363636363,B,37.50472222,-106.68694444,20090809,20091013,8105.0,20090822,194.0,68.0,119.0,0.0,2.3530662,67.25
203,0.0333333333333333,A,37.466689,-106.250044,20130712,20130714,8105.0,20130714,166.0,62.0,99.0,51.0,1.9403129,101.25
206,0.1363636363636363,B,37.50472222,-106.68694444,20090809,20091013,8105.0,20090821,196.0,75.0,134.0,0.0,1.7298509999999998,67.25
208,0.1363636363636363,B,37.50472222,-106.68694444,20090809,20091013,8105.0,20090906,125.0,40.0,74.0,0.0,1.7947962,64.75
212,0.0333333333333333,A,37.466689,-106.250044,20130712,20130714,8105.0,20130713,180.0,70.0,116.0,76.0,1.1607811,101.25
216,0.1363636363636363,B,37.50472222,-106.68694444,20090809,20091013,8105.0,20090904,165.0,27.0,81.0,51.0,0.81394756,64.75
218,0.1363636363636363,B,37.50472222,-106.68694444,20090809,20091013,8105.0,20090905,129.0,36.0,74.0,0.0,2.0591288,64.75
222,0.1363636363636363,B,37.50472222,-106.68694444,20090809,20091013,8105.0,20090824,100.0,31.0,65.0,76.0,2.2192392000000005,67.25
223,0.0333333333333333,A,37.466689,-106.250044,20130712,20130714,8105.0,20130712,175.0,67.0,113.0,0.0,2.2940238,101.25
227,0.1363636363636363,B,37.50472222,-106.68694444,20090809,20091013,8105.0,20090903,164.0,52.0,90.0,0.0,0.6684332,64.75
230,0.1363636363636363,B,37.50472222,-106.68694444,20090809,20091013,8105.0,20090825,128.0,17.0,64.0,0.0,0.99645114,64.75
233,0.1363636363636363,B,37.50472222,-106.68694444,20090809,20091013,8105.0,20090911,150.0,35.0,83.0,0.0,0.6363161999999999,98.5
234,0.1363636363636363,B,37.50472222,-106.68694444,20090809,20091013,8105.0,20090820,212.0,48.0,120.0,0.0,1.3737894,67.25
235,0.1363636363636363,B,37.50472222,-106.68694444,20090809,20091013,8105.0,20090910,136.0,40.0,72.0,0.0,1.049236,98.5
237,0.05,A,37.56777778,-106.7275,20120625,20120626,8105.0,20120625,223.0,109.0,156.0,0.0,2.1470993,66.0
238,0.0333333333333333,A,37.64583333,-106.62527778,20090912,20090914,8105.0,20090914,105.0,31.0,55.0,152.0,1.0023993,98.5
239,0.1363636363636363,B,37.50472222,-106.68694444,20090809,20091013,8105.0,20090818,146.0,43.0,96.0,0.0,0.94999695,67.25
241,0.1363636363636363,B,37.50472222,-106.68694444,20090809,20091013,8105.0,20090829,152.0,60.0,93.0,0.0,1.7904779,64.75
242,0.25,B,37.83361111,-106.55,20130616,20130617,8105.0,20130616,159.0,43.0,103.0,0.0,2.2487507,46.5
244,0.25,B,37.83361111,-106.55,20130616,20130617,8105.0,20130617,178.0,51.0,95.0,0.0,0.65069073,46.5
245,0.1363636363636363,B,37.50472222,-106.68694444,20090809,20091013,8105.0,20090817,149.0,35.0,95.0,0.0,1.2509997,67.25
248,0.1363636363636363,B,37.50472222,-106.68694444,20090809,20091013,8105.0,20091005,23.0,-34.0,-5.0,25.0,5.318066,98.5
249,0.1363636363636363,B,37.50472222,-106.68694444,20090809,20091013,8105.0,20091006,62.0,-48.0,10.0,25.0,0.37120926,98.5
250,0.1363636363636363,B,37.50472222,-106.68694444,20090809,20091013,8105.0,20090915,131.0,22.0,67.0,25.0,0.58592385,98.5
252,0.1363636363636363,B,37.50472222,-106.68694444,20090809,20091013,8105.0,20090816,132.0,46.0,91.0,0.0,2.795085,67.25
253,0.1363636363636363,B,37.50472222,-106.68694444,20090809,20091013,8105.0,20090830,159.0,47.0,81.0,25.0,1.1650312,64.75
255,0.05,A,37.56777778,-106.7275,20120625,20120626,8105.0,20120626,193.0,85.0,138.0,0.0,2.8679204,66.0
256,0.1363636363636363,B,37.50472222,-106.68694444,20090809,20091013,8105.0,20090914,105.0,31.0,55.0,152.0,1.0023993,98.5
258,0.1363636363636363,B,37.50472222,-106.68694444,20090809,20091013,8105.0,20090913,118.0,7.0,54.0,178.0,2.380532,98.5
259,0.0333333333333333,A,37.64583333,-106.62527778,20090912,20090914,8105.0,20090912,120.0,15.0,69.0,0.0,2.59988,98.5
260,0.1363636363636363,B,37.50472222,-106.68694444,20090809,20091013,8105.0,20090819,195.0,46.0,108.0,0.0,2.7577121,67.25
261,0.1363636363636363,B,37.50472222,-106.68694444,20090809,20091013,8105.0,20090901,166.0,53.0,89.0,0.0,2.4056013,64.75
262,0.1363636363636363,B,37.50472222,-106.68694444,20090809,20091013,8105.0,20090827,164.0,38.0,90.0,0.0,1.8085309,64.75
264,0.1363636363636363,B,37.50472222,-106.68694444,20090809,20091013,8105.0,20090912,120.0,15.0,69.0,0.0,2.59988,98.5
267,0.0333333333333333,A,37.64583333,-106.62527778,20090912,20090914,8105.0,20090913,118.0,7.0,54.0,178.0,2.380532,98.5
268,0.1363636363636363,B,37.50472222,-106.68694444,20090809,20091013,8105.0,20090828,176.0,36.0,103.0,0.0,1.0214193,64.75
