,FIRE_SIZE,FIRE_SIZE_CLASS,LATITUDE,LONGITUDE,START_DATE,END_DATE,FIPS,DATE,tmax,tmin,tavg,prcp,aws,fmc
0,121.2846153846154,F,39.7683,-112.3019,20130815,20130827,49023.0,20130821,223.0,98.0,152.0,0.0,0.5346024,31.6669999999999
1,0.1,A,39.7442,-112.27239,20130628,20130628,49023.0,20130628,314.0,100.0,197.0,0.0,1.8867885,42.0
2,3.38,C,39.4336,-111.865,20130817,20130826,49023.0,20130820,256.0,84.0,164.0,0.0,0.9709874,31.6669999999999
3,0.5,B,39.89756,-112.62031,20130628,20130628,49023.0,20130628,314.0,100.0,197.0,0.0,1.8867885,42.0
4,0.1,A,39.8414,-112.1386,20130818,20130818,49023.0,20130818,287.0,79.0,181.0,0.0,1.9847883,31.6669999999999
5,1.0666666666666669,B,39.7722,-112.3961,20130628,20130630,49023.0,20130628,314.0,100.0,197.0,0.0,1.8867885,42.0
6,0.0142857142857142,B,39.89544,-112.69169,20130609,20130629,49023.0,20130626,280.0,65.0,170.0,0.0,1.9103159,51.833
7,0.03,B,39.7536,-112.2881,20130406,20130415,49023.0,20130412,112.0,-50.0,22.0,0.0,1.4807069,87.5
8,0.0142857142857142,A,39.6249,-112.26283,20150701,20150707,49023.0,20150703,229.0,117.0,167.0,0.0,0.6932712,45.5
9,0.0142857142857142,B,39.89544,-112.69169,20130609,20130629,49023.0,20130627,313.0,87.0,199.0,0.0,0.104393944,42.0
11,0.03,B,39.7536,-112.2881,20130406,20130415,49023.0,20130411,94.0,-32.0,20.0,51.0,1.0735428,87.5
12,0.03,B,39.7536,-112.2881,20130406,20130415,49023.0,20130413,130.0,-32.0,59.0,0.0,3.080174,87.5
13,0.0142857142857142,B,39.89544,-112.69169,20130609,20130629,49023.0,20130628,314.0,100.0,197.0,0.0,1.8867885,42.0
14,0.1,A,39.82386,-112.22564,20130818,20130818,49023.0,20130818,287.0,79.0,181.0,0.0,1.9847883,31.6669999999999
15,0.5,B,39.439269,-111.9967,20140709,20140709,49023.0,20140709,227.0,115.0,157.0,25.0,2.379695,34.5
18,4.666666666666667,C,39.7428,-112.0447,20130818,20130823,49023.0,20130821,223.0,98.0,152.0,0.0,0.5346024,31.6669999999999
19,0.0052631578947368,A,39.845,-112.1261,20130817,20130904,49023.0,20130827,217.0,112.0,152.0,0.0,2.2894945,42.5
20,0.05,A,39.3811,-111.9278,20130629,20130630,49023.0,20130630,306.0,104.0,196.0,0.0,1.72046,42.0
21,289.53333333333336,F,39.5297,-111.8649,20140724,20140807,49023.0,20140730,179.0,77.0,128.0,0.0,1.8965188,40.5
23,1.0666666666666669,B,39.7722,-112.3961,20130628,20130630,49023.0,20130630,306.0,104.0,196.0,0.0,1.72046,42.0
25,145.2346153846154,C,39.8472,-113.4261,20130817,20130818,49023.0,20130818,287.0,79.0,181.0,0.0,1.9847883,31.6669999999999
26,25.58125,B,39.78322,-111.27239,20130630,20130715,49023.0,20130630,306.0,104.0,196.0,0.0,1.72046,42.0
27,0.75,B,39.8125,-111.8339,20130630,20130701,49023.0,20130701,315.0,106.0,209.0,0.0,2.1315222,42.0
28,0.06,B,39.6097,-111.7706,20150822,20150826,49023.0,20150824,297.0,86.0,187.0,0.0,1.3695347,36.0
29,0.1,A,39.7847,-112.3292,20130907,20130907,49023.0,20130907,238.0,82.0,131.0,559.0,0.8828305000000001,42.833
31,0.2,A,39.86311,-112.1583,20130629,20130629,49023.0,20130629,322.0,96.0,209.0,0.0,0.76485175,42.0
34,0.08,B,39.4038,-111.8653,20140716,20140720,49023.0,20140718,212.0,134.0,158.0,0.0,0.8780059000000001,33.667
35,0.6333333333333333,B,39.32106,-112.04258,20130629,20130701,49023.0,20130629,322.0,96.0,209.0,0.0,0.76485175,42.0
36,0.03,B,39.7536,-112.2881,20130406,20130415,49023.0,20130414,80.0,-73.0,14.0,0.0,2.2871099,87.5
37,0.05,A,39.3811,-111.9278,20130629,20130630,49023.0,20130629,322.0,96.0,209.0,0.0,0.76485175,42.0
38,0.03,B,39.7536,-112.2881,20130406,20130415,49023.0,20130415,60.0,-35.0,10.0,178.0,1.0049866,87.5
39,0.05,A,39.8686,-112.17,20140710,20140711,49023.0,20140711,250.0,91.0,159.0,0.0,1.276641,33.667
41,0.1,A,39.485,-111.77805556,20140812,20140813,49023.0,20140812,240.0,112.0,167.0,0.0,0.9124224,40.5
42,0.06,B,39.6097,-111.7706,20150822,20150826,49023.0,20150825,285.0,105.0,180.0,0.0,2.112019,36.0
43,289.53333333333336,F,39.5297,-111.8649,20140724,20140807,49023.0,20140731,171.0,67.0,108.0,127.0,1.6552932,40.5
44,1.0666666666666669,B,39.7722,-112.3961,20130628,20130630,49023.0,20130629,322.0,96.0,209.0,0.0,0.76485175,42.0
46,24.18095238095238,D,39.787,-112.3686,20130629,20130704,49023.0,20130629,322.0,96.0,209.0,0.0,0.76485175,42.0
48,0.025,A,39.84097,-112.16158,20130622,20130625,49023.0,20130625,246.0,39.0,148.0,0.0,2.42142,51.833
50,0.03,B,39.7536,-112.2881,20130406,20130415,49023.0,20130410,55.0,-137.0,-25.0,25.0,2.4403455000000003,87.5
52,0.0142857142857142,B,39.89544,-112.69169,20130609,20130629,49023.0,20130625,246.0,39.0,148.0,0.0,2.42142,51.833
54,0.0142857142857142,A,39.7661,-112.0164,20130820,20130826,49023.0,20130820,256.0,84.0,164.0,0.0,0.9709874,31.6669999999999
55,0.0142857142857142,B,39.89544,-112.69169,20130609,20130629,49023.0,20130612,262.0,60.0,172.0,0.0,3.70734,51.833
56,0.1,A,39.56694444,-111.82694444,20140730,20140730,49023.0,20140730,179.0,77.0,128.0,0.0,1.8965188,40.5
57,0.06,B,39.7469,-111.9997,20130817,20130821,49023.0,20130821,223.0,98.0,152.0,0.0,0.5346024,31.6669999999999
58,0.02,A,39.9608,-112.1392,20130817,20130821,49023.0,20130819,268.0,85.0,157.0,102.0,1.1588408,31.6669999999999
59,0.025,A,39.8436,-112.3331,20130907,20130910,49023.0,20130907,238.0,82.0,131.0,559.0,0.8828305000000001,42.833
61,0.0142857142857142,B,39.89544,-112.69169,20130609,20130629,49023.0,20130613,258.0,41.0,183.0,0.0,5.291671,51.833
62,0.15,B,39.98669,-112.1797,20141031,20141101,49023.0,20141101,156.0,18.0,82.0,0.0,5.994007,44.833
63,0.06,B,39.7469,-111.9997,20130817,20130821,49023.0,20130819,268.0,85.0,157.0,102.0,1.1588408,31.6669999999999
64,0.0142857142857142,B,39.89544,-112.69169,20130609,20130629,49023.0,20130614,209.0,2.0,104.0,0.0,2.380194,51.833
65,0.025,A,39.47833333,-111.85777778,20150802,20150805,49023.0,20150804,270.0,59.0,161.0,0.0,2.5079875,39.333
66,0.0142857142857142,B,39.89544,-112.69169,20130609,20130629,49023.0,20130615,243.0,8.0,128.0,0.0,1.756948,51.833
67,0.02,A,39.7333,-112.0164,20130817,20130821,49023.0,20130819,268.0,85.0,157.0,102.0,1.1588408,31.6669999999999
68,0.1,A,39.564603,-112.204697,20150704,20150704,49023.0,20150704,222.0,101.0,151.0,25.0,1.290591,45.5
70,0.0142857142857142,B,39.89544,-112.69169,20130609,20130629,49023.0,20130616,251.0,25.0,140.0,0.0,3.5017834000000003,51.833
71,0.5,B,39.6344,-112.3067,20130605,20130605,49023.0,20130605,224.0,15.0,120.0,0.0,2.523342,67.833
73,3.38,C,39.4336,-111.865,20130817,20130826,49023.0,20130819,268.0,85.0,157.0,102.0,1.1588408,31.6669999999999
74,0.075,B,39.801883,-111.902267,20130423,20130426,49023.0,20130426,147.0,-46.0,52.0,0.0,1.4645396000000002,76.833
75,0.0142857142857142,B,39.89544,-112.69169,20130609,20130629,49023.0,20130617,264.0,17.0,142.0,0.0,1.25,51.833
76,0.0052631578947368,A,39.845,-112.1261,20130817,20130904,49023.0,20130826,185.0,109.0,137.0,0.0,2.7487166000000003,42.5
77,0.5,B,39.845,-111.8359,20150912,20150912,49023.0,20150912,268.0,38.0,146.0,0.0,0.8533023999999999,31.333
78,0.025,A,39.47833333,-111.85777778,20150802,20150805,49023.0,20150805,270.0,67.0,163.0,0.0,4.189347,39.333
79,0.5,B,39.76117,-113.88153,20130609,20130611,49023.0,20130611,239.0,60.0,150.0,0.0,2.9521048,67.833
80,121.2846153846154,F,39.7683,-112.3019,20130815,20130827,49023.0,20130820,256.0,84.0,164.0,0.0,0.9709874,31.6669999999999
81,0.3,B,39.82217,-112.44314,20130329,20130329,49023.0,20130329,149.0,-10.0,57.0,0.0,0.43965864,87.5
82,0.5,B,39.76117,-113.88153,20130609,20130611,49023.0,20130609,289.0,38.0,166.0,0.0,0.92194784,67.833
83,289.53333333333336,F,39.5297,-111.8649,20140724,20140807,49023.0,20140804,115.0,87.0,98.0,152.0,2.6379573,40.5
84,0.06,B,39.6097,-111.7706,20150822,20150826,49023.0,20150823,272.0,66.0,169.0,0.0,0.98900205,36.0
85,0.0142857142857142,B,39.89544,-112.69169,20130609,20130629,49023.0,20130609,289.0,38.0,166.0,0.0,0.92194784,67.833
86,12.5,C,39.55842,-111.92522,20140610,20140611,49023.0,20140610,255.0,48.0,144.0,0.0,2.554764,55.667
87,3.38,C,39.4336,-111.865,20130817,20130826,49023.0,20130826,185.0,109.0,137.0,0.0,2.7487166000000003,42.5
88,0.0052631578947368,A,39.845,-112.1261,20130817,20130904,49023.0,20130821,223.0,98.0,152.0,0.0,0.5346024,31.6669999999999
89,4.666666666666667,C,39.7428,-112.0447,20130818,20130823,49023.0,20130818,287.0,79.0,181.0,0.0,1.9847883,31.6669999999999
90,0.15,B,39.98669,-112.1797,20141031,20141101,49023.0,20141031,176.0,9.0,97.0,0.0,4.248014,44.833
91,3.38,C,39.4336,-111.865,20130817,20130826,49023.0,20130821,223.0,98.0,152.0,0.0,0.5346024,31.6669999999999
92,0.0052631578947368,A,39.845,-112.1261,20130817,20130904,49023.0,20130819,268.0,85.0,157.0,102.0,1.1588408,31.6669999999999
93,0.4,B,39.8336,-114.0275,20130609,20130610,49023.0,20130609,289.0,38.0,166.0,0.0,0.92194784,67.833
94,0.4142857142857142,B,39.89544,-112.69169,20130609,20130629,49023.0,20130610,277.0,82.0,191.0,0.0,5.285163400000001,67.833
96,121.2846153846154,F,39.7683,-112.3019,20130815,20130827,49023.0,20130819,268.0,85.0,157.0,102.0,1.1588408,31.6669999999999
97,0.5,B,39.76117,-113.88153,20130609,20130611,49023.0,20130610,277.0,82.0,191.0,0.0,5.285163400000001,67.833
98,4.666666666666667,C,39.7428,-112.0447,20130818,20130823,49023.0,20130819,268.0,85.0,157.0,102.0,1.1588408,31.6669999999999
99,0.02,A,39.9608,-112.1392,20130817,20130821,49023.0,20130821,223.0,98.0,152.0,0.0,0.5346024,31.6669999999999
100,3.38,C,39.4336,-111.865,20130817,20130826,49023.0,20130818,287.0,79.0,181.0,0.0,1.9847883,31.6669999999999
101,0.0142857142857142,B,39.89544,-112.69169,20130609,20130629,49023.0,20130611,239.0,60.0,150.0,0.0,2.9521048,67.833
102,0.0252631578947368,A,39.7333,-112.0164,20130817,20130821,49023.0,20130820,256.0,84.0,164.0,0.0,0.9709874,31.6669999999999
104,0.075,B,39.801883,-111.902267,20130423,20130426,49023.0,20130424,110.0,-51.0,26.0,0.0,2.9669638,76.833
106,0.03,B,39.7536,-112.2881,20130406,20130415,49023.0,20130407,130.0,-32.0,54.0,0.0,1.330909,87.5
107,0.1,A,39.515,-111.8582,20150904,20150904,49023.0,20150904,239.0,55.0,140.0,0.0,5.3600373,32.0
108,0.06,B,39.7469,-111.9997,20130817,20130821,49023.0,20130820,256.0,84.0,164.0,0.0,0.9709874,31.6669999999999
110,0.03,B,39.7536,-112.2881,20130406,20130415,49023.0,20130408,84.0,-18.0,24.0,102.0,1.3218625,87.5
111,0.03,B,39.7536,-112.2881,20130406,20130415,49023.0,20130409,-17.0,-124.0,-54.0,0.0,5.920303,87.5
113,289.53333333333336,F,39.5297,-111.8649,20140724,20140807,49023.0,20140729,172.0,94.0,116.0,152.0,0.81394756,40.5
114,0.05,A,39.8686,-112.17,20140710,20140711,49023.0,20140710,259.0,115.0,172.0,0.0,2.0056179,33.667
115,0.02,A,39.9608,-112.1392,20130817,20130821,49023.0,20130820,256.0,84.0,164.0,0.0,0.9709874,31.6669999999999
116,0.0252631578947368,A,39.845,-112.1261,20130817,20130904,49023.0,20130818,287.0,79.0,181.0,0.0,1.9847883,31.6669999999999
117,0.0392857142857142,A,39.84097,-112.16158,20130622,20130625,49023.0,20130623,247.0,15.0,144.0,0.0,2.2638407000000003,51.833
119,0.0392857142857142,B,39.89544,-112.69169,20130609,20130629,49023.0,20130624,229.0,58.0,138.0,0.0,4.839607,51.833
122,0.0142857142857142,A,39.7661,-112.0164,20130820,20130826,49023.0,20130821,223.0,98.0,152.0,0.0,0.5346024,31.6669999999999
123,4.666666666666667,C,39.7428,-112.0447,20130818,20130823,49023.0,20130820,256.0,84.0,164.0,0.0,0.9709874,31.6669999999999
125,0.025,A,39.84097,-112.16158,20130622,20130625,49023.0,20130622,210.0,10.0,108.0,0.0,1.57191,51.833
126,0.075,B,39.801883,-111.902267,20130423,20130426,49023.0,20130425,131.0,-35.0,43.0,0.0,2.9247928,76.833
127,12.5,C,39.55842,-111.92522,20140610,20140611,49023.0,20140611,232.0,43.0,140.0,0.0,0.2817823,55.667
128,0.03,B,39.7536,-112.2881,20130406,20130415,49023.0,20130406,123.0,-22.0,45.0,0.0,1.9736716,87.5
129,0.075,B,39.801883,-111.902267,20130423,20130426,49023.0,20130423,72.0,-60.0,6.0,0.0,4.3525763,87.5
130,0.0142857142857142,B,39.89544,-112.69169,20130609,20130629,49023.0,20130618,260.0,27.0,156.0,0.0,3.6909032,51.833
131,0.0142857142857142,B,39.89544,-112.69169,20130609,20130629,49023.0,20130619,221.0,-1.0,131.0,0.0,3.8266115,51.833
133,0.08,B,39.4038,-111.8653,20140716,20140720,49023.0,20140719,294.0,72.0,189.0,0.0,1.2271072,33.667
135,0.02,A,39.7333,-112.0164,20130817,20130821,49023.0,20130818,287.0,79.0,181.0,0.0,1.9847883,31.6669999999999
136,0.0052631578947368,A,39.845,-112.1261,20130817,20130904,49023.0,20130904,253.0,88.0,159.0,0.0,1.0386976,42.5
138,0.0142857142857142,B,39.89544,-112.69169,20130609,20130629,49023.0,20130620,207.0,-20.0,96.0,0.0,1.3188256,51.833
139,0.06,B,39.7469,-111.9997,20130817,20130821,49023.0,20130818,287.0,79.0,181.0,0.0,1.9847883,31.6669999999999
140,121.2846153846154,F,39.7683,-112.3019,20130815,20130827,49023.0,20130826,185.0,109.0,137.0,0.0,2.7487166000000003,42.5
142,0.02,A,39.7333,-112.0164,20130817,20130821,49023.0,20130821,223.0,98.0,152.0,0.0,0.5346024,31.6669999999999
143,0.0142857142857142,B,39.89544,-112.69169,20130609,20130629,49023.0,20130621,219.0,6.0,115.0,0.0,0.6579587,51.833
144,0.05,A,39.7664,-112.3806,20140514,20140515,49023.0,20140515,157.0,40.0,94.0,0.0,1.0748984,75.333
146,0.1,A,39.84097,-112.16158,20130622,20130622,49023.0,20130622,210.0,10.0,108.0,0.0,1.57191,51.833
147,0.0142857142857142,A,39.7661,-112.0164,20130820,20130826,49023.0,20130826,185.0,109.0,137.0,0.0,2.7487166000000003,42.5
148,0.05,A,39.7664,-112.3806,20140514,20140515,49023.0,20140514,124.0,-6.0,61.0,0.0,0.57306135,75.333
149,0.1,A,39.485,-111.77805556,20140812,20140813,49023.0,20140813,207.0,99.0,144.0,0.0,1.9293859,40.5
150,0.025,A,39.8436,-112.3331,20130907,20130910,49023.0,20130908,182.0,91.0,125.0,0.0,0.97082865,42.833
151,0.0142857142857142,B,39.89544,-112.69169,20130609,20130629,49023.0,20130622,210.0,10.0,108.0,0.0,1.57191,51.833
152,0.1,A,39.86134,-112.09353,20130519,20130519,49023.0,20130519,101.0,-7.0,40.0,102.0,3.4893112,85.167
153,0.6333333333333333,B,39.32106,-112.04258,20130629,20130701,49023.0,20130701,315.0,106.0,209.0,0.0,2.1315222,42.0
155,0.0142857142857142,A,39.7661,-112.0164,20130820,20130826,49023.0,20130823,164.0,75.0,125.0,51.0,2.0886648,42.5
156,0.03125,B,39.78322,-111.27239,20130630,20130715,49023.0,20130707,235.0,91.0,165.0,0.0,2.3202012,42.0
157,0.03125,B,39.78322,-111.27239,20130630,20130715,49023.0,20130715,280.0,90.0,176.0,0.0,1.0700478999999998,40.167
159,125.95128205128208,C,39.7428,-112.0447,20130818,20130823,49023.0,20130822,247.0,100.0,165.0,25.0,1.1947328000000002,42.5
160,1.6666666666666667,B,39.7889,-112.8404,20140829,20140831,49023.0,20140830,239.0,71.0,165.0,0.0,3.3190954,45.833
164,0.08,B,39.4038,-111.8653,20140716,20140720,49023.0,20140716,264.0,71.0,169.0,0.0,1.8309851,33.667
165,0.15,B,39.7458,-112.41239,20150701,20150702,49023.0,20150701,228.0,124.0,174.0,0.0,2.382357,51.0
166,121.29890109890113,F,39.7683,-112.3019,20130815,20130827,49023.0,20130824,219.0,59.0,125.0,25.0,3.2296917,42.5
168,0.0142857142857142,A,39.7661,-112.0164,20130820,20130826,49023.0,20130822,247.0,100.0,165.0,25.0,1.1947328000000002,42.5
169,0.0142857142857142,A,39.6249,-112.26283,20150701,20150707,49023.0,20150705,262.0,99.0,176.0,0.0,1.7892038,45.5
170,0.1,A,39.7428,-112.2711,20130810,20130810,49023.0,20130810,236.0,66.0,147.0,0.0,3.3058863,31.6669999999999
171,0.1,A,39.7892,-112.2947,20130817,20130817,49023.0,20130817,274.0,104.0,175.0,0.0,2.356966,31.6669999999999
172,113.0,D,39.4325,-111.933,20150917,20150917,49023.0,20150917,184.0,9.0,90.0,0.0,0.98234415,31.333
173,3.38,C,39.4336,-111.865,20130817,20130826,49023.0,20130817,274.0,104.0,175.0,0.0,2.356966,31.6669999999999
175,121.2846153846154,F,39.7683,-112.3019,20130815,20130827,49023.0,20130817,274.0,104.0,175.0,0.0,2.356966,31.6669999999999
177,0.2,A,39.7153,-111.8664,20130723,20130723,49023.0,20130723,299.0,88.0,201.0,0.0,0.14140841,40.167
178,0.1,A,39.1961,-111.9369,20140720,20140720,49023.0,20140720,278.0,95.0,181.0,0.0,2.4590456,33.667
180,1.35,B,39.5869,-113.7708,20130808,20130811,49023.0,20130808,230.0,63.0,149.0,0.0,3.2707536,31.6669999999999
183,0.08,B,39.5581,-112.24,20130809,20130813,49023.0,20130812,246.0,66.0,143.0,25.0,2.514467,31.6669999999999
184,0.05,A,39.3997,-111.8837,20140818,20140819,49023.0,20140818,284.0,81.0,188.0,0.0,1.8208342,45.833
185,0.08125,A,39.34497,-112.10311,20130705,20130706,49023.0,20130706,258.0,112.0,162.0,0.0,2.478085,42.0
186,0.03125,B,39.78322,-111.27239,20130630,20130715,49023.0,20130712,218.0,100.0,143.0,0.0,0.9986593,40.167
187,0.1,A,39.51138889,-111.82805556,20151002,20151002,49023.0,20151002,149.0,49.0,91.0,51.0,1.343968,29.0
188,0.15,B,39.8678,-114.0,20130807,20130808,49023.0,20130807,243.0,96.0,158.0,51.0,2.7739792000000003,41.833
189,0.1,A,39.82322,-112.28192,20150830,20150830,49023.0,20150830,260.0,97.0,181.0,0.0,3.537036,32.0
190,0.025,A,39.8436,-112.3331,20130907,20130910,49023.0,20130909,202.0,86.0,133.0,0.0,0.9002162,42.833
191,0.1,A,39.697103,-112.0289,20151002,20151002,49023.0,20151002,149.0,49.0,91.0,51.0,1.343968,29.0
193,0.15,B,39.8678,-114.0,20130807,20130808,49023.0,20130808,230.0,63.0,149.0,0.0,3.2707536,31.6669999999999
194,0.0052631578947368,A,39.845,-112.1261,20130817,20130904,49023.0,20130817,274.0,104.0,175.0,0.0,2.356966,31.6669999999999
195,3.38,C,39.4336,-111.865,20130817,20130826,49023.0,20130825,201.0,67.0,141.0,0.0,4.1150155,42.5
196,289.53333333333336,F,39.5297,-111.8649,20140724,20140807,49023.0,20140807,157.0,67.0,108.0,0.0,0.43862566,40.5
197,4.666666666666667,C,39.7428,-112.0447,20130818,20130823,49023.0,20130823,164.0,75.0,125.0,51.0,2.0886648,42.5
199,0.08,B,39.4038,-111.8653,20140716,20140720,49023.0,20140717,234.0,106.0,168.0,0.0,1.9635137,33.667
200,289.53333333333336,F,39.5297,-111.8649,20140724,20140807,49023.0,20140806,193.0,75.0,120.0,0.0,0.7955535,40.5
201,0.0142857142857142,A,39.6249,-112.26283,20150701,20150707,49023.0,20150704,222.0,101.0,151.0,25.0,1.290591,45.5
203,0.0142857142857142,A,39.7661,-112.0164,20130820,20130826,49023.0,20130825,201.0,67.0,141.0,0.0,4.1150155,42.5
204,3.38,C,39.4336,-111.865,20130817,20130826,49023.0,20130822,247.0,100.0,165.0,25.0,1.1947328000000002,42.5
205,121.2846153846154,F,39.7683,-112.3019,20130815,20130827,49023.0,20130823,164.0,75.0,125.0,51.0,2.0886648,42.5
206,0.025,A,39.47833333,-111.85777778,20150802,20150805,49023.0,20150802,273.0,83.0,143.0,102.0,0.94107646,39.333
207,0.0052631578947368,A,39.845,-112.1261,20130817,20130904,49023.0,20130822,247.0,100.0,165.0,25.0,1.1947328000000002,42.5
208,0.05,A,39.837733,-113.8658,20140830,20140831,49023.0,20140830,239.0,71.0,165.0,0.0,3.3190954,45.833
209,0.08,B,39.5581,-112.24,20130809,20130813,49023.0,20130809,251.0,44.0,140.0,0.0,3.2734425,31.6669999999999
210,121.2846153846154,F,39.7683,-112.3019,20130815,20130827,49023.0,20130815,283.0,52.0,162.0,0.0,2.0839694,31.6669999999999
212,0.05,A,39.49083333,-111.8525,20150610,20150611,49023.0,20150610,168.0,74.0,119.0,51.0,3.2497115,57.833
213,0.3,B,39.7533,-112.0264,20130707,20130707,49023.0,20130707,235.0,91.0,165.0,0.0,2.3202012,42.0
214,0.0052631578947368,A,39.845,-112.1261,20130817,20130904,49023.0,20130902,246.0,94.0,169.0,25.0,2.29996,42.5
215,1.4500000000000002,B,39.5869,-113.7708,20130808,20130811,49023.0,20130809,251.0,44.0,140.0,0.0,3.2734425,31.6669999999999
217,0.03125,B,39.78322,-111.27239,20130630,20130715,49023.0,20130713,253.0,93.0,168.0,0.0,2.175176,40.167
220,0.0142857142857142,A,39.6249,-112.26283,20150701,20150707,49023.0,20150702,238.0,117.0,155.0,25.0,1.6900442999999998,45.5
222,1.35,B,39.5869,-113.7708,20130808,20130811,49023.0,20130811,252.0,55.0,153.0,25.0,3.1932366,31.6669999999999
224,0.05,A,39.80467,-112.25317,20130810,20130811,49023.0,20130811,252.0,55.0,153.0,25.0,3.1932366,31.6669999999999
227,0.05,A,39.785,-112.2622,20130810,20130811,49023.0,20130811,252.0,55.0,153.0,25.0,3.1932366,31.6669999999999
228,0.0052631578947368,A,39.845,-112.1261,20130817,20130904,49023.0,20130825,201.0,67.0,141.0,0.0,4.1150155,42.5
229,0.1,A,39.81789,-112.30353,20130810,20130811,49023.0,20130811,252.0,55.0,153.0,25.0,3.1932366,31.6669999999999
232,0.03125,B,39.78322,-111.27239,20130630,20130715,49023.0,20130710,303.0,71.0,187.0,25.0,0.76217353,42.0
234,0.1,A,39.5678,-111.9378,20130809,20130809,49023.0,20130809,251.0,44.0,140.0,0.0,3.2734425,31.6669999999999
237,0.03125,B,39.78322,-111.27239,20130630,20130715,49023.0,20130711,262.0,97.0,173.0,25.0,2.1418295,40.167
238,1.3,B,39.4996,-111.966797,20150801,20150801,49023.0,20150801,286.0,57.0,172.0,0.0,0.67314565,39.333
239,0.0142857142857142,A,39.6249,-112.26283,20150701,20150707,49023.0,20150701,228.0,124.0,174.0,0.0,2.382357,51.0
241,0.03125,B,39.78322,-111.27239,20130630,20130715,49023.0,20130709,286.0,71.0,174.0,0.0,2.0796676,42.0
242,0.1,A,39.7705,-112.23497,20130811,20130811,49023.0,20130811,252.0,55.0,153.0,25.0,3.1932366,31.6669999999999
244,23.95,C,39.8472,-113.4261,20130817,20130818,49023.0,20130817,274.0,104.0,175.0,0.0,2.356966,31.6669999999999
245,1.6666666666666667,B,39.7889,-112.8404,20140829,20140831,49023.0,20140829,239.0,45.0,136.0,0.0,1.1926827,45.833
247,0.15,B,39.79453,-112.34628,20130810,20130811,49023.0,20130811,252.0,55.0,153.0,25.0,3.1932366,31.6669999999999
248,0.03125,B,39.78322,-111.27239,20130630,20130715,49023.0,20130714,264.0,89.0,169.0,0.0,0.53141075,40.167
249,289.53333333333336,F,39.5297,-111.8649,20140724,20140807,49023.0,20140805,234.0,87.0,162.0,0.0,3.102812,40.5
250,0.1,A,39.3794,-112.025,20130720,20130720,49023.0,20130720,303.0,71.0,187.0,0.0,0.98487777,40.167
251,289.53333333333336,F,39.5297,-111.8649,20140724,20140807,49023.0,20140727,236.0,110.0,172.0,25.0,0.3832806,40.5
252,0.03125,B,39.78322,-111.27239,20130630,20130715,49023.0,20130708,274.0,80.0,169.0,0.0,2.0501027,42.0
253,0.08,B,39.5581,-112.24,20130809,20130813,49023.0,20130811,252.0,55.0,153.0,25.0,3.1932366,31.6669999999999
256,0.1,A,39.6869,-112.9175,20130809,20130809,49023.0,20130809,251.0,44.0,140.0,0.0,3.2734425,31.6669999999999
257,0.05,A,39.49083333,-111.8525,20150610,20150611,49023.0,20150611,162.0,64.0,111.0,127.0,1.2093387,57.833
258,0.25,B,39.799,-111.8668,20140727,20140728,49023.0,20140727,236.0,110.0,172.0,25.0,0.3832806,40.5
261,3.38,C,39.4336,-111.865,20130817,20130826,49023.0,20130823,164.0,75.0,125.0,51.0,2.0886648,42.5
263,0.1,A,39.8614,-112.305,20130817,20130817,49023.0,20130817,274.0,104.0,175.0,0.0,2.356966,31.6669999999999
266,0.05,A,39.3997,-111.8837,20140818,20140819,49023.0,20140819,172.0,89.0,124.0,76.0,3.0000668,45.833
271,0.15,B,39.7458,-112.41239,20150701,20150702,49023.0,20150702,238.0,117.0,155.0,25.0,1.6900442999999998,45.5
272,0.0052631578947368,A,39.845,-112.1261,20130817,20130904,49023.0,20130829,210.0,102.0,153.0,25.0,0.4304613000000001,42.5
274,5.3,B,39.660211,-111.876019,20140713,20140713,49023.0,20140713,247.0,125.0,183.0,0.0,2.6801856,33.667
275,289.53333333333336,F,39.5297,-111.8649,20140724,20140807,49023.0,20140725,244.0,123.0,179.0,0.0,2.2897427,40.5
276,0.0142857142857142,A,39.6249,-112.26283,20150701,20150707,49023.0,20150706,238.0,80.0,136.0,76.0,1.7442764,45.5
279,3.4,B,39.8611,-111.8478,20150724,20150724,49023.0,20150724,263.0,50.0,162.0,0.0,3.6077178,40.667
281,0.0142857142857142,A,39.6249,-112.26283,20150701,20150707,49023.0,20150707,189.0,75.0,116.0,25.0,1.5054069,45.5
283,24.197916666666668,D,39.787,-112.3686,20130629,20130704,49023.0,20130703,296.0,98.0,200.0,0.0,1.69098,42.0
284,0.05,A,39.86983,-113.47447,20140625,20140626,49023.0,20140625,220.0,92.0,160.0,0.0,2.8415468,45.167
285,0.025,A,39.8436,-112.3331,20130907,20130910,49023.0,20130910,189.0,108.0,139.0,25.0,1.7240894,42.833
289,24.197916666666668,B,39.78322,-111.27239,20130630,20130715,49023.0,20130704,287.0,131.0,197.0,51.0,2.353255,42.0
291,0.025,A,39.47833333,-111.85777778,20150802,20150805,49023.0,20150803,198.0,79.0,134.0,51.0,1.3768169,39.333
292,0.15,B,39.79453,-112.34628,20130810,20130811,49023.0,20130810,236.0,66.0,147.0,0.0,3.3058863,31.6669999999999
295,0.1,A,39.69158,-112.35281,20130704,20130704,49023.0,20130704,287.0,131.0,197.0,51.0,2.353255,42.0
297,1.7,B,39.9666,-112.1645,20140901,20140901,49023.0,20140901,223.0,31.0,118.0,0.0,0.22359997,45.833
299,289.53333333333336,F,39.5297,-111.8649,20140724,20140807,49023.0,20140801,248.0,75.0,153.0,0.0,1.4058423999999998,40.5
300,0.03125,B,39.78322,-111.27239,20130630,20130715,49023.0,20130701,315.0,106.0,209.0,0.0,2.1315222,42.0
302,0.3,B,39.8392,-112.3464,20130810,20130810,49023.0,20130810,236.0,66.0,147.0,0.0,3.3058863,31.6669999999999
305,0.0052631578947368,A,39.845,-112.1261,20130817,20130904,49023.0,20130824,219.0,59.0,125.0,25.0,3.2296917,42.5
306,121.2846153846154,F,39.7683,-112.3019,20130815,20130827,49023.0,20130816,283.0,81.0,177.0,0.0,2.1220038,31.6669999999999
308,0.1,A,39.4689,-111.9915,20140920,20140920,49023.0,20140920,193.0,85.0,132.0,0.0,1.5029639,44.833
309,24.166666666666668,D,39.787,-112.3686,20130629,20130704,49023.0,20130701,315.0,106.0,209.0,0.0,2.1315222,42.0
310,0.03125,B,39.78322,-111.27239,20130630,20130715,49023.0,20130702,302.0,98.0,201.0,0.0,2.759594,42.0
311,0.0052631578947368,A,39.845,-112.1261,20130817,20130904,49023.0,20130831,193.0,118.0,142.0,0.0,0.16554084,42.5
312,0.06,B,39.6097,-111.7706,20150822,20150826,49023.0,20150826,194.0,111.0,142.0,25.0,2.0317788,36.0
313,24.166666666666668,D,39.787,-112.3686,20130629,20130704,49023.0,20130702,302.0,98.0,201.0,0.0,2.759594,42.0
314,0.08,B,39.5581,-112.24,20130809,20130813,49023.0,20130810,236.0,66.0,147.0,0.0,3.3058863,31.6669999999999
317,0.1,A,39.81789,-112.30353,20130810,20130811,49023.0,20130810,236.0,66.0,147.0,0.0,3.3058863,31.6669999999999
318,3.38,C,39.4336,-111.865,20130817,20130826,49023.0,20130824,219.0,59.0,125.0,25.0,3.2296917,42.5
321,0.0052631578947368,A,39.845,-112.1261,20130817,20130904,49023.0,20130828,234.0,82.0,144.0,51.0,1.328532,42.5
322,0.05,A,39.785,-112.2622,20130810,20130811,49023.0,20130810,236.0,66.0,147.0,0.0,3.3058863,31.6669999999999
324,0.1,A,39.657397,-111.990897,20150827,20150827,49023.0,20150827,250.0,70.0,145.0,0.0,0.1457737999999999,32.0
326,289.53333333333336,F,39.5297,-111.8649,20140724,20140807,49023.0,20140726,222.0,115.0,172.0,0.0,0.98883396,40.5
327,0.06,B,39.6097,-111.7706,20150822,20150826,49023.0,20150822,258.0,79.0,170.0,0.0,1.3777246,36.0
329,0.05,A,39.34497,-112.10311,20130705,20130706,49023.0,20130705,263.0,105.0,173.0,76.0,1.0511857,42.0
331,0.02,A,39.9608,-112.1392,20130817,20130821,49023.0,20130817,274.0,104.0,175.0,0.0,2.356966,31.6669999999999
334,289.53333333333336,F,39.5297,-111.8649,20140724,20140807,49023.0,20140802,207.0,113.0,155.0,0.0,1.4909005,40.5
335,289.53333333333336,F,39.5297,-111.8649,20140724,20140807,49023.0,20140728,198.0,103.0,141.0,102.0,1.3277463,40.5
338,121.2846153846154,F,39.7683,-112.3019,20130815,20130827,49023.0,20130825,201.0,67.0,141.0,0.0,4.1150155,42.5
341,0.05,A,39.837733,-113.8658,20140830,20140831,49023.0,20140831,204.0,43.0,131.0,0.0,1.8694582,45.833
342,0.06,B,39.7469,-111.9997,20130817,20130821,49023.0,20130817,274.0,104.0,175.0,0.0,2.356966,31.6669999999999
343,289.53333333333336,F,39.5297,-111.8649,20140724,20140807,49023.0,20140803,239.0,93.0,165.0,0.0,1.8764073,40.5
344,0.08,B,39.4038,-111.8653,20140716,20140720,49023.0,20140720,278.0,95.0,181.0,0.0,2.4590456,33.667
346,1.6666666666666667,B,39.7889,-112.8404,20140829,20140831,49023.0,20140831,204.0,43.0,131.0,0.0,1.8694582,45.833
349,0.0052631578947368,A,39.845,-112.1261,20130817,20130904,49023.0,20130903,248.0,80.0,157.0,0.0,1.4611257,42.5
350,121.2846153846154,F,39.7683,-112.3019,20130815,20130827,49023.0,20130827,217.0,112.0,152.0,0.0,2.2894945,42.5
351,0.03125,B,39.78322,-111.27239,20130630,20130715,49023.0,20130705,263.0,105.0,173.0,76.0,1.0511857,42.0
353,0.0052631578947368,A,39.845,-112.1261,20130817,20130904,49023.0,20130830,263.0,86.0,169.0,0.0,1.0889505,42.5
355,0.08,B,39.5581,-112.24,20130809,20130813,49023.0,20130813,277.0,50.0,156.0,0.0,1.9259628,31.6669999999999
357,0.0052631578947368,A,39.845,-112.1261,20130817,20130904,49023.0,20130823,164.0,75.0,125.0,51.0,2.0886648,42.5
358,0.5,B,39.5328,-111.867797,20150619,20150619,49023.0,20150619,247.0,114.0,178.0,0.0,1.5550323,51.0
361,1.35,B,39.5869,-113.7708,20130808,20130811,49023.0,20130810,236.0,66.0,147.0,0.0,3.3058863,31.6669999999999
362,0.0052631578947368,A,39.845,-112.1261,20130817,20130904,49023.0,20130901,189.0,102.0,135.0,0.0,0.8260812,42.5
364,0.25,B,39.799,-111.8668,20140727,20140728,49023.0,20140728,198.0,103.0,141.0,102.0,1.3277463,40.5
367,0.05,A,39.86983,-113.47447,20140625,20140626,49023.0,20140626,142.0,56.0,94.0,25.0,3.2931445,34.5
368,0.05,A,39.80467,-112.25317,20130810,20130811,49023.0,20130810,236.0,66.0,147.0,0.0,3.3058863,31.6669999999999
369,0.02,A,39.7333,-112.0164,20130817,20130821,49023.0,20130817,274.0,104.0,175.0,0.0,2.356966,31.6669999999999
370,289.53333333333336,F,39.5297,-111.8649,20140724,20140807,49023.0,20140724,247.0,133.0,180.0,0.0,3.1232846000000003,40.5
899,0.05,A,39.56305556,-111.81472222,20130914,20130915,49023.0,20130914,132.0,55.0,84.0,0.0,1.0510925,42.833
902,0.05,A,39.56305556,-111.81472222,20130914,20130915,49023.0,20130915,210.0,64.0,119.0,0.0,1.869435,42.833
1325,0.0333333333333333,A,39.59694444,-111.73361111,20130810,20130812,49023.0,20130812,246.0,66.0,143.0,25.0,2.514467,31.6669999999999
1338,0.0333333333333333,A,39.59694444,-111.73361111,20130810,20130812,49023.0,20130811,252.0,55.0,153.0,25.0,3.1932366,31.6669999999999
1472,0.0333333333333333,A,39.59694444,-111.73361111,20130810,20130812,49023.0,20130810,236.0,66.0,147.0,0.0,3.3058863,31.6669999999999
