,FIRE_SIZE,FIRE_SIZE_CLASS,LATITUDE,LONGITUDE,START_DATE,END_DATE,FIPS,DATE,tmax,tmin,tavg,prcp,aws,fmc
0,58.0,C,40.98361111,-111.87722222,20130816,20130816,49011.0,20130816,255.0,138.0,195.0,0.0,2.500008,29.5
1,0.1,A,40.97388889,-111.87138889,20130625,20130625,49011.0,20130625,199.0,77.0,139.0,0.0,2.3135371,86.25
2,111.56666666666666,E,41.1258,-112.1317,20150908,20150910,49011.0,20150910,217.0,113.0,163.0,0.0,1.7062386000000005,33.333
3,111.56666666666666,E,41.1258,-112.1317,20150908,20150910,49011.0,20150909,213.0,95.0,149.0,0.0,0.9414085,49.9
4,0.1,A,40.97305556,-111.87222222,20130607,20130607,49011.0,20130607,219.0,78.0,154.0,0.0,2.5932548,61.667
5,0.01,A,40.91055556,-111.82166667,20140928,20140928,49011.0,20140928,123.0,50.0,75.0,127.0,2.2461705000000003,50.833
6,15.0,C,41.0161,-112.0075,20100914,20100915,49011.0,20100915,181.0,60.0,115.0,0.0,0.12805648,51.0
7,15.0,C,41.0161,-112.0075,20100914,20100915,49011.0,20100914,207.0,59.0,127.0,0.0,2.6967664,51.0
8,0.01,A,40.87277778,-111.77722222,20140919,20140919,49011.0,20140919,193.0,113.0,145.0,0.0,1.0420113000000002,90.25
9,0.1,A,40.90333333,-111.8375,20150728,20150728,49011.0,20150728,166.0,23.0,90.0,25.0,2.3086793,77.25
10,111.56666666666666,E,41.1258,-112.1317,20150908,20150910,49011.0,20150908,188.0,39.0,104.0,0.0,1.7351153,49.9
11,31.25,E,40.91888889,-111.86611111,20030729,20030813,49011.0,20030809,272.0,150.0,209.0,0.0,2.735863,65.5
12,0.0345679012345679,B,40.91,-111.86055556,20070101,20070611,49011.0,20070602,215.0,116.0,163.0,0.0,1.1761354,86.25
13,0.0345679012345679,B,40.91,-111.86055556,20070101,20070611,49011.0,20070331,88.0,-25.0,36.0,25.0,2.4593542,118.2
14,31.25,E,40.91888889,-111.86611111,20030729,20030813,49011.0,20030811,287.0,180.0,224.0,0.0,1.8821568,65.5
15,46.16666666666666,D,41.0883,-111.8864,20060914,20060919,49011.0,20060915,127.0,9.0,63.0,559.0,4.8143334000000015,67.75
16,0.0345679012345679,B,40.91,-111.86055556,20070101,20070611,49011.0,20070410,6.0,-62.0,-33.0,25.0,6.1695147000000015,136.75
17,31.25,E,40.91888889,-111.86611111,20030729,20030813,49011.0,20030803,190.0,99.0,145.0,102.0,2.3963475,40.5
18,0.0345679012345679,B,40.91,-111.86055556,20070101,20070611,49011.0,20070510,224.0,49.0,135.0,0.0,3.1475925,106.75
19,0.0345679012345679,B,40.91,-111.86055556,20070101,20070611,49011.0,20070409,97.0,-10.0,38.0,0.0,2.1791970000000003,136.75
20,670.0,E,40.9975,-111.87972222,20070811,20070811,49011.0,20070811,260.0,131.0,196.0,0.0,2.7800708,76.75
21,0.0345679012345679,B,40.91,-111.86055556,20070101,20070611,49011.0,20070330,39.0,-60.0,-17.0,0.0,0.51419723,118.2
22,0.0345679012345679,B,40.91,-111.86055556,20070101,20070611,49011.0,20070506,86.0,-2.0,34.0,0.0,4.2786610000000005,131.75
23,0.0345679012345679,B,40.91,-111.86055556,20070101,20070611,49011.0,20070407,118.0,13.0,71.0,0.0,2.0564256000000003,136.75
24,0.0345679012345679,B,40.91,-111.86055556,20070101,20070611,49011.0,20070408,81.0,-2.0,43.0,178.0,1.8689362,136.75
25,31.25,E,40.91888889,-111.86611111,20030729,20030813,49011.0,20030805,270.0,99.0,186.0,0.0,2.6518862000000003,72.5
26,31.25,E,40.91888889,-111.86611111,20030729,20030813,49011.0,20030806,223.0,169.0,190.0,0.0,4.2695746,72.5
27,0.0345679012345679,B,40.91,-111.86055556,20070101,20070611,49011.0,20070507,120.0,-3.0,60.0,0.0,2.0831254,131.75
28,0.0345679012345679,B,40.91,-111.86055556,20070101,20070611,49011.0,20070402,69.0,-16.0,38.0,0.0,3.2764883,118.2
29,0.05,A,40.9092,-111.8028,20120826,20120827,49011.0,20120826,246.0,136.0,186.0,0.0,2.8885007000000003,25.5
30,0.0345679012345679,B,40.91,-111.86055556,20070101,20070611,49011.0,20070411,17.0,-71.0,-26.0,0.0,0.60901606,107.0
31,0.005,A,41.8491667,-111.875,20100905,20100906,49011.0,20100906,136.0,1.0,67.0,0.0,2.3691528,84.0
32,0.0345679012345679,B,40.91,-111.86055556,20070101,20070611,49011.0,20070520,209.0,93.0,147.0,0.0,2.60527,91.833
33,0.0345679012345679,B,40.91,-111.86055556,20070101,20070611,49011.0,20070403,90.0,-31.0,28.0,0.0,1.116816,118.2
34,17.5,C,40.9363889,-111.862222,20100708,20100711,49011.0,20100709,230.0,130.0,175.0,0.0,0.99040455,57.667
35,0.0345679012345679,B,40.91,-111.86055556,20070101,20070611,49011.0,20070401,94.0,29.0,64.0,0.0,2.5529008,118.2
36,0.0345679012345679,B,40.91,-111.86055556,20070101,20070611,49011.0,20070404,113.0,25.0,75.0,0.0,1.4916484,118.2
37,0.0345679012345679,B,40.91,-111.86055556,20070101,20070611,49011.0,20070405,107.0,24.0,66.0,0.0,1.5306258999999998,136.75
38,0.0345679012345679,B,40.91,-111.86055556,20070101,20070611,49011.0,20070406,139.0,55.0,89.0,0.0,2.6622076,136.75
39,0.0345679012345679,B,40.91,-111.86055556,20070101,20070611,49011.0,20070528,155.0,27.0,109.0,0.0,2.4449623,75.8
40,2.75,B,40.90916667,-111.8475,20090806,20090807,49011.0,20090807,148.0,48.0,98.0,25.0,3.3514981,41.167
41,0.0345679012345679,B,40.91,-111.86055556,20070101,20070611,49011.0,20070509,164.0,60.0,113.0,0.0,2.250085,131.75
42,0.0345679012345679,B,40.91,-111.86055556,20070101,20070611,49011.0,20070527,205.0,107.0,164.0,0.0,3.5845244,75.8
43,0.0345679012345679,B,40.91,-111.86055556,20070101,20070611,49011.0,20070508,157.0,42.0,99.0,0.0,0.9850852,131.75
44,0.0333333333333333,A,40.96333333,-111.80861111,20120903,20120905,49011.0,20120905,213.0,87.0,153.0,0.0,1.4797983,32.0
45,0.0345679012345679,B,40.91,-111.86055556,20070101,20070611,49011.0,20070529,121.0,8.0,68.0,0.0,3.5135263999999995,75.8
46,0.0345679012345679,B,40.91,-111.86055556,20070101,20070611,49011.0,20070523,95.0,-8.0,34.0,0.0,2.8734636,91.833
47,0.0345679012345679,B,40.91,-111.86055556,20070101,20070611,49011.0,20070413,72.0,-24.0,19.0,0.0,2.6730645,107.0
48,0.0345679012345679,B,40.91,-111.86055556,20070101,20070611,49011.0,20070513,180.0,54.0,132.0,0.0,1.0816764,106.75
49,31.25,E,40.91888889,-111.86611111,20030729,20030813,49011.0,20030807,267.0,158.0,197.0,0.0,3.5873823,72.5
50,12.25,C,41.10722222,-111.89833333,20120804,20120807,49011.0,20120807,284.0,100.0,184.0,0.0,1.8399159,69.5
51,0.0333333333333333,A,40.9358333,-111.79,20100816,20100818,49011.0,20100817,263.0,84.0,167.0,0.0,1.2163067,38.167
52,31.25,E,40.91888889,-111.86611111,20030729,20030813,49011.0,20030804,224.0,92.0,151.0,0.0,0.30066925,40.5
53,17.5,C,40.9363889,-111.862222,20100708,20100711,49011.0,20100711,220.0,135.0,170.0,0.0,1.1456077,90.0
54,0.0345679012345679,B,40.91,-111.86055556,20070101,20070611,49011.0,20070516,209.0,37.0,125.0,0.0,2.4622017999999994,106.75
55,0.0345679012345679,B,40.91,-111.86055556,20070101,20070611,49011.0,20070525,169.0,30.0,105.0,0.0,1.81178,75.8
56,0.0345679012345679,B,40.91,-111.86055556,20070101,20070611,49011.0,20070501,203.0,115.0,148.0,0.0,3.436395,117.5
57,0.0345679012345679,B,40.91,-111.86055556,20070101,20070611,49011.0,20070524,122.0,4.0,73.0,0.0,2.5913231,75.8
58,0.0345679012345679,B,40.91,-111.86055556,20070101,20070611,49011.0,20070430,167.0,65.0,119.0,0.0,1.5337833,117.5
59,12.25,C,41.10722222,-111.89833333,20120804,20120807,49011.0,20120805,275.0,106.0,190.0,0.0,2.1876864,69.5
60,0.0345679012345679,B,40.91,-111.86055556,20070101,20070611,49011.0,20070421,73.0,-16.0,21.0,25.0,0.35468647,141.0
61,0.0345679012345679,B,40.91,-111.86055556,20070101,20070611,49011.0,20070517,214.0,61.0,142.0,0.0,3.2913377,91.833
62,0.0345679012345679,B,40.91,-111.86055556,20070101,20070611,49011.0,20070429,222.0,54.0,131.0,0.0,3.333378,117.5
63,0.0345679012345679,B,40.91,-111.86055556,20070101,20070611,49011.0,20070428,191.0,70.0,132.0,0.0,1.8928336,139.5
64,0.0345679012345679,B,40.91,-111.86055556,20070101,20070611,49011.0,20070515,166.0,29.0,91.0,0.0,1.734609,106.75
65,0.0345679012345679,B,40.91,-111.86055556,20070101,20070611,49011.0,20070422,55.0,0.0,20.0,51.0,3.1367714,139.5
66,0.0345679012345679,B,40.91,-111.86055556,20070101,20070611,49011.0,20070530,144.0,42.0,91.0,0.0,0.9449248,75.8
67,1250.0,G,40.9819,-112.2305,20010705,20010708,49011.0,20010706,233.0,115.0,170.0,0.0,2.263855,79.25
68,0.0345679012345679,B,40.91,-111.86055556,20070101,20070611,49011.0,20070427,141.0,6.0,71.0,0.0,1.6742988,139.5
69,28.0,C,40.91916667,-111.86222222,20030627,20030627,49011.0,20030627,204.0,77.0,142.0,25.0,1.8565812,75.0
70,0.0345679012345679,B,40.91,-111.86055556,20070101,20070611,49011.0,20070423,62.0,-11.0,20.0,51.0,1.2269084,139.5
71,0.0345679012345679,B,40.91,-111.86055556,20070101,20070611,49011.0,20070531,176.0,53.0,117.0,0.0,1.500003,75.8
72,0.0345679012345679,B,40.91,-111.86055556,20070101,20070611,49011.0,20070424,106.0,1.0,48.0,0.0,3.6639938,139.5
73,0.0345679012345679,B,40.91,-111.86055556,20070101,20070611,49011.0,20070425,113.0,20.0,65.0,0.0,1.4051421999999998,139.5
74,0.0333333333333333,A,40.9358333,-111.79,20100816,20100818,49011.0,20100816,264.0,102.0,169.0,25.0,1.5056232,38.167
75,0.0345679012345679,B,40.91,-111.86055556,20070101,20070611,49011.0,20070426,116.0,18.0,66.0,0.0,2.2487507,139.5
76,0.0345679012345679,B,40.91,-111.86055556,20070101,20070611,49011.0,20070514,145.0,29.0,87.0,0.0,4.4193687000000015,106.75
77,0.0345679012345679,B,40.91,-111.86055556,20070101,20070611,49011.0,20070412,62.0,-21.0,14.0,0.0,3.0450728,107.0
78,0.0345679012345679,B,40.91,-111.86055556,20070101,20070611,49011.0,20070420,33.0,-38.0,-1.0,0.0,2.2641523,141.0
79,31.25,E,40.91888889,-111.86611111,20030729,20030813,49011.0,20030729,268.0,129.0,201.0,0.0,3.1395657000000003,67.75
80,1250.0,G,40.9819,-112.2305,20010705,20010708,49011.0,20010708,229.0,125.0,169.0,0.0,1.3431784,79.25
81,46.16666666666666,D,41.0883,-111.8864,20060914,20060919,49011.0,20060917,76.0,-27.0,10.0,25.0,2.266362,67.75
82,0.1,A,40.9606,-111.8136,20090816,20090816,49011.0,20090816,143.0,33.0,86.0,0.0,1.8309851,65.75
83,0.0345679012345679,B,40.91,-111.86055556,20070101,20070611,49011.0,20070526,185.0,54.0,123.0,0.0,0.9068727,75.8
84,0.0345679012345679,B,40.91,-111.86055556,20070101,20070611,49011.0,20070601,193.0,69.0,134.0,0.0,1.931963,75.8
85,0.0345679012345679,B,40.91,-111.86055556,20070101,20070611,49011.0,20070414,119.0,-23.0,51.0,25.0,3.641778,107.0
86,0.0345679012345679,B,40.91,-111.86055556,20070101,20070611,49011.0,20070505,19.0,-11.0,2.0,76.0,7.2196436,131.75
87,24.575,C,40.98027778,-111.86222222,20060708,20060711,49011.0,20060709,239.0,95.0,159.0,0.0,1.7678508000000002,64.0
88,0.0345679012345679,B,40.91,-111.86055556,20070101,20070611,49011.0,20070415,132.0,21.0,73.0,0.0,1.9500028000000005,107.0
89,0.0345679012345679,B,40.91,-111.86055556,20070101,20070611,49011.0,20070519,220.0,71.0,145.0,0.0,2.3372798,91.833
90,0.0345679012345679,B,40.91,-111.86055556,20070101,20070611,49011.0,20070416,104.0,11.0,49.0,0.0,3.4404738,107.0
91,31.25,E,40.91888889,-111.86611111,20030729,20030813,49011.0,20030808,266.0,158.0,202.0,0.0,3.8363152,72.5
92,46.16666666666666,D,41.0883,-111.8864,20060914,20060919,49011.0,20060916,30.0,-21.0,5.0,178.0,6.331935,67.75
93,0.0345679012345679,B,40.91,-111.86055556,20070101,20070611,49011.0,20070419,24.0,-63.0,-32.0,152.0,3.308066,141.0
94,0.0345679012345679,B,40.91,-111.86055556,20070101,20070611,49011.0,20070511,230.0,63.0,145.0,0.0,3.6639898,106.75
95,0.0345679012345679,B,40.91,-111.86055556,20070101,20070611,49011.0,20070522,56.0,-32.0,9.0,25.0,3.5739777000000004,91.833
96,0.5,B,40.84916667,-111.86194444,20030712,20030712,49011.0,20030712,296.0,146.0,225.0,0.0,1.0650896,73.0
97,46.16666666666666,D,41.0883,-111.8864,20060914,20060919,49011.0,20060919,179.0,18.0,107.0,0.0,4.254703,61.7
98,0.0345679012345679,B,40.91,-111.86055556,20070101,20070611,49011.0,20070417,120.0,31.0,75.0,51.0,1.9588062,141.0
99,3.5,B,41.0675,-111.91138889,20060703,20060704,49011.0,20060703,245.0,116.0,173.0,0.0,1.1810669,82.5
100,0.0345679012345679,B,40.91,-111.86055556,20070101,20070611,49011.0,20070512,206.0,110.0,162.0,0.0,4.463472,106.75
101,0.0345679012345679,B,40.91,-111.86055556,20070101,20070611,49011.0,20070504,37.0,-14.0,10.0,51.0,2.3547542,131.75
102,0.0345679012345679,B,40.91,-111.86055556,20070101,20070611,49011.0,20070518,225.0,116.0,163.0,0.0,2.7358654,91.833
103,0.0345679012345679,B,40.91,-111.86055556,20070101,20070611,49011.0,20070503,47.0,-29.0,3.0,254.0,3.9958682,131.75
104,0.0345679012345679,B,40.91,-111.86055556,20070101,20070611,49011.0,20070418,76.0,-52.0,-8.0,381.0,3.9981008,141.0
105,17.5,C,40.9363889,-111.862222,20100708,20100711,49011.0,20100710,231.0,119.0,176.0,0.0,0.22359997,90.0
106,0.0345679012345679,B,40.91,-111.86055556,20070101,20070611,49011.0,20070502,182.0,71.0,134.0,0.0,3.4904697,131.75
107,31.25,E,40.91888889,-111.86611111,20030729,20030813,49011.0,20030810,279.0,154.0,211.0,0.0,1.7031811,65.5
108,46.16666666666666,D,41.0883,-111.8864,20060914,20060919,49011.0,20060918,121.0,-19.0,49.0,25.0,1.972038,61.7
109,3.5,B,41.0675,-111.91138889,20060703,20060704,49011.0,20060704,245.0,110.0,154.0,25.0,0.6548987,82.5
110,0.0345679012345679,B,40.91,-111.86055556,20070101,20070611,49011.0,20070607,57.0,7.0,23.0,76.0,4.7357,86.25
111,0.0345679012345679,B,40.91,-111.86055556,20070101,20070611,49011.0,20070521,88.0,-14.0,52.0,203.0,3.3810318,91.833
112,0.0345679012345679,B,40.91,-111.86055556,20070101,20070611,49011.0,20070202,-56.0,-115.0,-87.0,0.0,3.7792704,91.5
113,0.0345679012345679,B,40.91,-111.86055556,20070101,20070611,49011.0,20070203,16.0,-94.0,-33.0,0.0,4.099194000000002,91.5
114,0.0345679012345679,B,40.91,-111.86055556,20070101,20070611,49011.0,20070314,119.0,5.0,58.0,0.0,1.1346395,91.5
115,0.0345679012345679,B,40.91,-111.86055556,20070101,20070611,49011.0,20070204,35.0,-42.0,-3.0,25.0,2.9706862000000003,91.5
116,0.0345679012345679,B,40.91,-111.86055556,20070101,20070611,49011.0,20070205,94.0,-45.0,6.0,0.0,1.3892403,91.5
117,0.0345679012345679,B,40.91,-111.86055556,20070101,20070611,49011.0,20070313,145.0,23.0,67.0,0.0,1.796216,118.2
118,0.0345679012345679,B,40.91,-111.86055556,20070101,20070611,49011.0,20070206,91.0,42.0,65.0,0.0,2.5709934,91.5
119,0.0345679012345679,B,40.91,-111.86055556,20070101,20070611,49011.0,20070207,93.0,15.0,47.0,0.0,2.7895923,91.5
120,0.0345679012345679,B,40.91,-111.86055556,20070101,20070611,49011.0,20070312,158.0,25.0,82.0,0.0,1.2175913,91.5
121,31.25,E,40.91888889,-111.86611111,20030729,20030813,49011.0,20030812,242.0,154.0,200.0,0.0,2.8339748,65.5
122,0.0345679012345679,B,40.91,-111.86055556,20070101,20070611,49011.0,20070605,231.0,83.0,165.0,0.0,3.6292242999999993,86.25
123,0.0345679012345679,B,40.91,-111.86055556,20070101,20070611,49011.0,20070608,137.0,10.0,64.0,0.0,0.948108,86.25
124,0.0345679012345679,B,40.91,-111.86055556,20070101,20070611,49011.0,20070311,77.0,-48.0,14.0,25.0,0.6243396,91.5
125,0.0345679012345679,B,40.91,-111.86055556,20070101,20070611,49011.0,20070208,71.0,-3.0,37.0,0.0,2.1523337,91.5
126,0.0345679012345679,B,40.91,-111.86055556,20070101,20070611,49011.0,20070209,42.0,-1.0,23.0,0.0,1.856075,91.5
127,0.0345679012345679,B,40.91,-111.86055556,20070101,20070611,49011.0,20070201,-76.0,-127.0,-106.0,51.0,2.2179527,91.5
128,0.0345679012345679,B,40.91,-111.86055556,20070101,20070611,49011.0,20070310,23.0,-49.0,-8.0,127.0,2.4150543,91.5
129,0.0345679012345679,B,40.91,-111.86055556,20070101,20070611,49011.0,20070131,-45.0,-117.0,-86.0,51.0,2.5349157000000004,91.5
130,0.0345679012345679,B,40.91,-111.86055556,20070101,20070611,49011.0,20070130,3.0,-78.0,-44.0,0.0,0.90355784,91.5
131,0.0345679012345679,B,40.91,-111.86055556,20070101,20070611,49011.0,20070122,-27.0,-154.0,-114.0,0.0,1.9659573,91.5
132,0.0345679012345679,B,40.91,-111.86055556,20070101,20070611,49011.0,20070318,151.0,54.0,92.0,0.0,1.0012493,118.2
133,12.25,C,41.10722222,-111.89833333,20120804,20120807,49011.0,20120806,252.0,112.0,175.0,0.0,1.262104,69.5
134,0.0345679012345679,B,40.91,-111.86055556,20070101,20070611,49011.0,20070317,166.0,56.0,99.0,0.0,1.3591557,118.2
135,0.0345679012345679,B,40.91,-111.86055556,20070101,20070611,49011.0,20070123,16.0,-106.0,-47.0,0.0,1.1810669,91.5
136,0.0345679012345679,B,40.91,-111.86055556,20070101,20070611,49011.0,20070316,134.0,11.0,68.0,0.0,1.386115,118.2
137,0.0345679012345679,B,40.91,-111.86055556,20070101,20070611,49011.0,20070609,189.0,55.0,121.0,0.0,0.7559113000000001,81.333
138,0.0345679012345679,B,40.91,-111.86055556,20070101,20070611,49011.0,20070124,43.0,-78.0,-30.0,0.0,0.7955535,91.5
139,31.25,E,40.91888889,-111.86611111,20030729,20030813,49011.0,20030801,258.0,126.0,186.0,0.0,2.2496488,67.75
140,0.0345679012345679,B,40.91,-111.86055556,20070101,20070611,49011.0,20070125,62.0,-52.0,-21.0,0.0,2.304886,91.5
141,0.0345679012345679,B,40.91,-111.86055556,20070101,20070611,49011.0,20070126,57.0,-48.0,-6.0,0.0,1.0056816,91.5
142,0.0345679012345679,B,40.91,-111.86055556,20070101,20070611,49011.0,20070127,-20.0,-113.0,-67.0,0.0,1.7141733,91.5
143,31.25,E,40.91888889,-111.86611111,20030729,20030813,49011.0,20030730,276.0,121.0,203.0,0.0,1.2120247,67.75
144,0.0345679012345679,B,40.91,-111.86055556,20070101,20070611,49011.0,20070128,13.0,-103.0,-37.0,0.0,1.8172812,91.5
145,0.0345679012345679,B,40.91,-111.86055556,20070101,20070611,49011.0,20070129,15.0,-98.0,-58.0,0.0,1.4930855,91.5
146,0.0345679012345679,B,40.91,-111.86055556,20070101,20070611,49011.0,20070315,80.0,-16.0,33.0,0.0,1.4396095,118.2
147,0.0345679012345679,B,40.91,-111.86055556,20070101,20070611,49011.0,20070210,92.0,9.0,40.0,178.0,1.9665740000000005,91.5
148,0.0333333333333333,A,40.96333333,-111.80861111,20120903,20120905,49011.0,20120904,217.0,117.0,163.0,0.0,1.4603211,73.5
149,0.0345679012345679,B,40.91,-111.86055556,20070101,20070611,49011.0,20070211,20.0,-13.0,4.0,152.0,3.6998546,91.5
150,0.0345679012345679,B,40.91,-111.86055556,20070101,20070611,49011.0,20070224,-33.0,-149.0,-87.0,25.0,3.203901,91.5
151,0.0345679012345679,B,40.91,-111.86055556,20070101,20070611,49011.0,20070225,-29.0,-64.0,-47.0,152.0,4.062631,91.5
152,0.0345679012345679,B,40.91,-111.86055556,20070101,20070611,49011.0,20070226,-20.0,-73.0,-52.0,25.0,1.7750433999999995,91.5
153,31.25,E,40.91888889,-111.86611111,20030729,20030813,49011.0,20030813,276.0,161.0,218.0,0.0,2.6315447999999995,65.5
154,0.0345679012345679,B,40.91,-111.86055556,20070101,20070611,49011.0,20070606,90.0,-9.0,10.0,1219.0,6.950025599999999,86.25
155,0.0345679012345679,B,40.91,-111.86055556,20070101,20070611,49011.0,20070227,-12.0,-145.0,-68.0,229.0,2.750003,91.5
156,0.0345679012345679,B,40.91,-111.86055556,20070101,20070611,49011.0,20070305,88.0,-1.0,42.0,0.0,2.9706988,91.5
157,0.0345679012345679,B,40.91,-111.86055556,20070101,20070611,49011.0,20070228,-16.0,-126.0,-80.0,51.0,1.8555102,91.5
158,0.0345679012345679,B,40.91,-111.86055556,20070101,20070611,49011.0,20070329,18.0,-70.0,-26.0,25.0,6.238989,118.2
159,0.0345679012345679,B,40.91,-111.86055556,20070101,20070611,49011.0,20070304,33.0,-99.0,-31.0,0.0,1.04995,91.5
160,0.0345679012345679,B,40.91,-111.86055556,20070101,20070611,49011.0,20070301,-80.0,-113.0,-94.0,178.0,4.960985,91.5
161,0.05,A,40.9092,-111.8028,20120826,20120827,49011.0,20120827,253.0,146.0,187.0,0.0,3.6000617,25.5
162,0.0345679012345679,B,40.91,-111.86055556,20070101,20070611,49011.0,20070302,-25.0,-189.0,-99.0,25.0,4.177959,91.5
163,0.25,A,41.14083333,-111.90222222,20040412,20040412,49011.0,20040412,120.0,3.0,63.0,0.0,0.95854694,157.0
164,0.0345679012345679,B,40.91,-111.86055556,20070101,20070611,49011.0,20070303,-16.0,-154.0,-79.0,0.0,1.6492504,91.5
165,0.0345679012345679,B,40.91,-111.86055556,20070101,20070611,49011.0,20070223,43.0,-121.0,-43.0,203.0,4.619135,91.5
166,0.0345679012345679,B,40.91,-111.86055556,20070101,20070611,49011.0,20070222,68.0,16.0,39.0,0.0,5.7877790000000005,91.5
167,0.0345679012345679,B,40.91,-111.86055556,20070101,20070611,49011.0,20070306,95.0,-36.0,12.0,0.0,2.0700192,91.5
168,0.0345679012345679,B,40.91,-111.86055556,20070101,20070611,49011.0,20070221,50.0,-6.0,24.0,0.0,4.0327883,91.5
169,0.0345679012345679,B,40.91,-111.86055556,20070101,20070611,49011.0,20070309,90.0,-10.0,39.0,0.0,1.9543264,91.5
170,0.0345679012345679,B,40.91,-111.86055556,20070101,20070611,49011.0,20070212,9.0,-55.0,-31.0,0.0,1.5128803999999998,91.5
171,0.0345679012345679,B,40.91,-111.86055556,20070101,20070611,49011.0,20070213,23.0,-85.0,-35.0,0.0,2.0664957,91.5
172,31.25,E,40.91888889,-111.86611111,20030729,20030813,49011.0,20030802,231.0,121.0,175.0,51.0,2.309498,40.5
173,17.5,C,40.9363889,-111.862222,20100708,20100711,49011.0,20100708,238.0,78.0,151.0,0.0,1.75,57.667
174,0.0345679012345679,B,40.91,-111.86055556,20070101,20070611,49011.0,20070214,-8.0,-90.0,-51.0,25.0,4.121455999999999,91.5
175,24.575,C,40.98027778,-111.86222222,20060708,20060711,49011.0,20060708,232.0,102.0,164.0,0.0,2.3905816000000004,64.0
176,0.0345679012345679,B,40.91,-111.86055556,20070101,20070611,49011.0,20070121,-50.0,-147.0,-103.0,25.0,4.5481567,91.5
177,0.0333333333333333,A,40.96333333,-111.80861111,20120903,20120905,49011.0,20120903,219.0,107.0,156.0,0.0,2.0938945,73.5
178,0.0345679012345679,B,40.91,-111.86055556,20070101,20070611,49011.0,20070308,31.0,-35.0,4.0,102.0,1.0062374,91.5
179,0.0345679012345679,B,40.91,-111.86055556,20070101,20070611,49011.0,20070216,46.0,-49.0,5.0,51.0,5.8433743,91.5
180,0.0345679012345679,B,40.91,-111.86055556,20070101,20070611,49011.0,20070217,61.0,-81.0,-29.0,0.0,1.1884961,91.5
181,0.0345679012345679,B,40.91,-111.86055556,20070101,20070611,49011.0,20070218,84.0,-61.0,17.0,25.0,3.850834,91.5
182,0.0345679012345679,B,40.91,-111.86055556,20070101,20070611,49011.0,20070307,123.0,-33.0,42.0,0.0,2.914512,91.5
183,0.0345679012345679,B,40.91,-111.86055556,20070101,20070611,49011.0,20070219,-10.0,-100.0,-54.0,102.0,3.073,91.5
184,0.0345679012345679,B,40.91,-111.86055556,20070101,20070611,49011.0,20070220,21.0,-99.0,-34.0,25.0,2.4129891,91.5
185,0.0345679012345679,B,40.91,-111.86055556,20070101,20070611,49011.0,20070215,5.0,-54.0,-22.0,102.0,4.153182,91.5
186,0.0345679012345679,B,40.91,-111.86055556,20070101,20070611,49011.0,20070604,226.0,92.0,162.0,0.0,1.5297065,86.25
187,1250.0,G,40.9819,-112.2305,20010705,20010708,49011.0,20010705,266.0,137.0,201.0,0.0,1.9465082,79.25
189,24.575,C,40.98027778,-111.86222222,20060708,20060711,49011.0,20060710,245.0,87.0,161.0,0.0,1.5834562,64.0
190,0.1,A,41.03959,-112.24968,20010705,20010705,49011.0,20010705,266.0,137.0,201.0,0.0,1.9465082,79.25
192,0.0345679012345679,B,40.91,-111.86055556,20070101,20070611,49011.0,20070611,185.0,63.0,123.0,0.0,0.30806306,81.333
195,0.0345679012345679,B,40.91,-111.86055556,20070101,20070611,49011.0,20070327,75.0,-34.0,20.0,76.0,3.2800598,118.2
196,0.0345679012345679,B,40.91,-111.86055556,20070101,20070611,49011.0,20070322,74.0,-11.0,22.0,0.0,2.7333696,118.2
198,0.0345679012345679,B,40.91,-111.86055556,20070101,20070611,49011.0,20070323,102.0,-26.0,32.0,0.0,2.292007,118.2
199,0.005,A,41.8491667,-111.875,20100905,20100906,49011.0,20100905,194.0,-4.0,116.0,0.0,3.0549164,71.25
200,0.0345679012345679,B,40.91,-111.86055556,20070101,20070611,49011.0,20070603,231.0,78.0,149.0,0.0,0.5385153,86.25
203,0.0345679012345679,B,40.91,-111.86055556,20070101,20070611,49011.0,20070324,96.0,3.0,45.0,0.0,1.9557571,118.2
206,12.25,C,41.10722222,-111.89833333,20120804,20120807,49011.0,20120804,253.0,86.0,164.0,0.0,1.076293,69.5
207,0.0345679012345679,B,40.91,-111.86055556,20070101,20070611,49011.0,20070326,123.0,20.0,79.0,25.0,2.2272835,118.2
208,31.25,E,40.91888889,-111.86611111,20030729,20030813,49011.0,20030731,266.0,148.0,195.0,0.0,3.09821,67.75
209,0.0333333333333333,A,40.9358333,-111.79,20100816,20100818,49011.0,20100818,245.0,133.0,191.0,0.0,3.238344,38.167
210,0.0345679012345679,B,40.91,-111.86055556,20070101,20070611,49011.0,20070325,126.0,51.0,79.0,0.0,2.6617718,118.2
213,1250.0,G,40.9819,-112.2305,20010705,20010708,49011.0,20010707,201.0,111.0,146.0,0.0,2.5739076,79.25
214,0.0345679012345679,B,40.91,-111.86055556,20070101,20070611,49011.0,20070113,-128.0,-239.0,-193.0,0.0,2.835905,91.5
215,0.0345679012345679,B,40.91,-111.86055556,20070101,20070611,49011.0,20070120,-29.0,-116.0,-74.0,25.0,1.761389,91.5
216,0.0345679012345679,B,40.91,-111.86055556,20070101,20070611,49011.0,20070319,150.0,43.0,92.0,0.0,1.7520823,118.2
217,24.575,C,40.98027778,-111.86222222,20060708,20060711,49011.0,20060711,252.0,105.0,179.0,0.0,1.8970785,64.0
218,46.16666666666666,D,41.0883,-111.8864,20060914,20060919,49011.0,20060914,186.0,63.0,127.0,432.0,3.680008,67.75
219,0.0345679012345679,B,40.91,-111.86055556,20070101,20070611,49011.0,20070119,-6.0,-132.0,-77.0,0.0,0.91999817,91.5
220,0.0345679012345679,B,40.91,-111.86055556,20070101,20070611,49011.0,20070328,4.0,-43.0,-26.0,178.0,6.002732,118.2
221,0.0345679012345679,B,40.91,-111.86055556,20070101,20070611,49011.0,20070118,-40.0,-152.0,-101.0,0.0,0.6670908,91.5
223,0.0345679012345679,B,40.91,-111.86055556,20070101,20070611,49011.0,20070116,13.0,-122.0,-72.0,0.0,1.6837133999999998,91.5
224,0.0345679012345679,B,40.91,-111.86055556,20070101,20070611,49011.0,20070320,125.0,19.0,64.0,25.0,2.2571893,118.2
225,2.75,B,40.90916667,-111.8475,20090806,20090807,49011.0,20090806,235.0,78.0,179.0,0.0,5.93355,41.167
226,0.0345679012345679,B,40.91,-111.86055556,20070101,20070611,49011.0,20070115,-101.0,-232.0,-182.0,0.0,0.98838544,91.5
227,0.0345679012345679,B,40.91,-111.86055556,20070101,20070611,49011.0,20070117,-60.0,-168.0,-113.0,0.0,1.8302478,91.5
228,0.0345679012345679,B,40.91,-111.86055556,20070101,20070611,49011.0,20070114,-113.0,-227.0,-193.0,0.0,0.9823412,91.5
229,0.0345679012345679,B,40.91,-111.86055556,20070101,20070611,49011.0,20070610,220.0,87.0,151.0,0.0,2.8011458,81.333
230,0.0345679012345679,B,40.91,-111.86055556,20070101,20070611,49011.0,20070321,74.0,-3.0,23.0,76.0,1.4201391,118.2
