,FIRE_SIZE,FIRE_SIZE_CLASS,LATITUDE,LONGITUDE,START_DATE,END_DATE,FIPS,DATE,tmax,tmin,tavg,prcp,aws,fmc
0,0.0561728395061728,B,45.45388889,-110.92388889,20140711,20140929,30031.0,20140825,143.0,2.0,63.0,0.0,1.6422286,16.0
3,0.1,A,44.7155556,-111.111944,20100729,20100729,30031.0,20100729,241.0,80.0,162.0,0.0,2.4253902000000003,133.0
7,0.0061728395061728,B,45.45388889,-110.92388889,20140711,20140929,30031.0,20140815,242.0,74.0,143.0,0.0,0.65069073,16.0
8,0.05,A,44.66777778,-111.10166667,20140707,20140708,30031.0,20140707,214.0,83.0,153.0,0.0,1.8388323,16.0
10,0.025,A,45.20555556,-111.24055556,20140822,20140825,30031.0,20140825,143.0,2.0,63.0,0.0,1.6422286,16.0
11,0.1,A,44.73888889,-111.16694444,20120805,20120805,30031.0,20120805,268.0,118.0,204.0,0.0,1.0066229,36.667
17,0.0061728395061728,B,45.45388889,-110.92388889,20140711,20140929,30031.0,20140803,253.0,80.0,160.0,0.0,0.48103514,16.0
19,0.0061728395061728,B,45.45388889,-110.92388889,20140711,20140929,30031.0,20140724,226.0,99.0,167.0,0.0,3.4277232000000004,16.0
20,0.05,A,44.66777778,-111.10166667,20140707,20140708,30031.0,20140708,267.0,76.0,173.0,0.0,1.9263481,16.0
21,0.1,A,45.56333333,-111.07166667,20120826,20120826,30031.0,20120826,209.0,69.0,119.0,25.0,2.153907,11.5
22,0.1,A,45.44027778,-111.19027778,20130628,20130628,30031.0,20130628,259.0,78.0,162.0,0.0,0.93407124,17.667
23,0.1186440677966101,B,45.38305556,-111.25611111,20140802,20140929,30031.0,20140825,143.0,2.0,63.0,0.0,1.6422286,16.0
24,0.1,A,45.37361111,-111.15333333,20120802,20120802,30031.0,20120802,263.0,70.0,167.0,0.0,2.4804997,36.667
25,0.05,A,45.31861111,-111.18611111,20140802,20140803,30031.0,20140803,253.0,80.0,160.0,0.0,0.48103514,16.0
26,0.1,A,45.47277778,-110.95916667,20120722,20120722,30031.0,20120722,287.0,104.0,180.0,0.0,1.0000061,36.667
28,0.1,A,45.24972222,-111.30888889,20120806,20120806,30031.0,20120806,224.0,61.0,118.0,25.0,1.9325988,36.667
29,0.0061728395061728,B,45.45388889,-110.92388889,20140711,20140929,30031.0,20140731,218.0,78.0,145.0,0.0,0.6053161,16.0
31,0.1186440677966101,B,45.38305556,-111.25611111,20140802,20140929,30031.0,20140827,240.0,-7.0,124.0,0.0,0.890447,16.0
32,0.1,A,44.7388889,-111.165833,20100802,20100802,30031.0,20100802,213.0,59.0,122.0,0.0,2.5488048,133.0
33,0.1186440677966101,B,45.38305556,-111.25611111,20140802,20140929,30031.0,20140815,242.0,74.0,143.0,0.0,0.65069073,16.0
34,0.1,A,45.5258333,-111.022222,20100803,20100803,30031.0,20100803,267.0,52.0,139.0,51.0,1.7923380000000002,133.0
35,0.0061728395061728,B,45.45388889,-110.92388889,20140711,20140929,30031.0,20140827,240.0,-7.0,124.0,0.0,0.890447,16.0
36,0.1186440677966101,B,45.38305556,-111.25611111,20140802,20140929,30031.0,20140826,195.0,45.0,112.0,0.0,0.8002530999999999,16.0
38,0.1186440677966101,B,45.38305556,-111.25611111,20140802,20140929,30031.0,20140804,190.0,98.0,135.0,0.0,0.9799957,16.0
39,0.0061728395061728,B,45.45388889,-110.92388889,20140711,20140929,30031.0,20140711,228.0,81.0,142.0,76.0,1.7007321,16.0
41,0.1186440677966101,B,45.38305556,-111.25611111,20140802,20140929,30031.0,20140823,87.0,31.0,62.0,25.0,2.2366085,16.0
42,0.1186440677966101,B,45.38305556,-111.25611111,20140802,20140929,30031.0,20140806,234.0,82.0,150.0,0.0,0.45309803,16.0
43,0.1186440677966101,B,45.38305556,-111.25611111,20140802,20140929,30031.0,20140803,253.0,80.0,160.0,0.0,0.48103514,16.0
44,0.0061728395061728,B,45.45388889,-110.92388889,20140711,20140929,30031.0,20140823,87.0,31.0,62.0,25.0,2.2366085,16.0
45,0.0061728395061728,B,45.45388889,-110.92388889,20140711,20140929,30031.0,20140810,234.0,92.0,166.0,0.0,0.64413524,16.0
48,0.1999999999999999,B,45.52138889,-110.97222222,20140729,20140731,30031.0,20140730,232.0,80.0,138.0,0.0,1.3738298,16.0
52,0.0061728395061728,B,45.45388889,-110.92388889,20140711,20140929,30031.0,20140729,241.0,73.0,150.0,51.0,1.1374587,16.0
53,0.1186440677966101,B,45.38305556,-111.25611111,20140802,20140929,30031.0,20140810,234.0,92.0,166.0,0.0,0.64413524,16.0
59,0.0061728395061728,B,45.45388889,-110.92388889,20140711,20140929,30031.0,20140807,174.0,68.0,104.0,51.0,1.1359615,16.0
61,0.1248169073027829,B,45.38305556,-111.25611111,20140802,20140929,30031.0,20140822,123.0,75.0,93.0,229.0,2.124237,16.0
62,0.0061728395061728,B,45.45388889,-110.92388889,20140711,20140929,30031.0,20140730,232.0,80.0,138.0,0.0,1.3738298,16.0
64,0.025,A,45.20555556,-111.24055556,20140822,20140825,30031.0,20140822,123.0,75.0,93.0,229.0,2.124237,16.0
65,0.1186440677966101,B,45.38305556,-111.25611111,20140802,20140929,30031.0,20140818,222.0,62.0,124.0,25.0,0.22203295,16.0
66,0.1186440677966101,B,45.38305556,-111.25611111,20140802,20140929,30031.0,20140802,204.0,80.0,122.0,0.0,0.8080271,16.0
68,0.025,A,45.20555556,-111.24055556,20140822,20140825,30031.0,20140823,87.0,31.0,62.0,25.0,2.2366085,16.0
69,0.0061728395061728,B,45.45388889,-110.92388889,20140711,20140929,30031.0,20140806,234.0,82.0,150.0,0.0,0.45309803,16.0
70,0.0061728395061728,B,45.45388889,-110.92388889,20140711,20140929,30031.0,20140717,200.0,81.0,136.0,25.0,1.7392623,16.0
77,0.1186440677966101,B,45.38305556,-111.25611111,20140802,20140929,30031.0,20140816,180.0,64.0,113.0,0.0,1.9525589,16.0
81,0.1,A,45.39138889,-111.135,20140715,20140715,30031.0,20140715,183.0,66.0,116.0,51.0,0.7158899999999999,16.0
83,0.0061728395061728,B,45.45388889,-110.92388889,20140711,20140929,30031.0,20140816,180.0,64.0,113.0,0.0,1.9525589,16.0
84,0.0561728395061728,B,45.45388889,-110.92388889,20140711,20140929,30031.0,20140728,250.0,119.0,181.0,0.0,1.084619,16.0
85,0.1,A,44.72666667,-111.22416667,20120915,20120915,30031.0,20120915,216.0,13.0,110.0,25.0,3.0645366000000003,11.5
88,0.1186440677966101,B,45.38305556,-111.25611111,20140802,20140929,30031.0,20140811,239.0,81.0,137.0,0.0,0.36999512,16.0
90,0.05,A,45.25944444,-111.09722222,20140816,20140817,30031.0,20140816,180.0,64.0,113.0,0.0,1.9525589,16.0
91,0.0061728395061728,B,45.45388889,-110.92388889,20140711,20140929,30031.0,20140716,208.0,77.0,147.0,0.0,1.8580877,16.0
92,0.1999999999999999,B,45.52138889,-110.97222222,20140729,20140731,30031.0,20140729,241.0,73.0,150.0,51.0,1.1374587,16.0
93,0.05,A,45.31861111,-111.18611111,20140802,20140803,30031.0,20140802,204.0,80.0,122.0,0.0,0.8080271,16.0
96,0.05,A,45.3675,-111.08277778,20140813,20140814,30031.0,20140814,246.0,87.0,164.0,51.0,0.7826238,16.0
100,0.1248169073027829,B,45.45388889,-110.92388889,20140711,20140929,30031.0,20140817,191.0,110.0,143.0,0.0,2.277592,16.0
102,0.05,A,45.25944444,-111.09722222,20140816,20140817,30031.0,20140817,191.0,110.0,143.0,0.0,2.277592,16.0
106,0.1186440677966101,B,45.38305556,-111.25611111,20140802,20140929,30031.0,20140814,246.0,87.0,164.0,51.0,0.7826238,16.0
107,0.0061728395061728,B,45.45388889,-110.92388889,20140711,20140929,30031.0,20140818,222.0,62.0,124.0,25.0,0.22203295,16.0
112,0.0061728395061728,B,45.45388889,-110.92388889,20140711,20140929,30031.0,20140808,180.0,44.0,92.0,76.0,1.6507607,16.0
113,0.0061728395061728,B,45.45388889,-110.92388889,20140711,20140929,30031.0,20140723,269.0,108.0,182.0,0.0,1.4176801,16.0
114,0.1186440677966101,B,45.38305556,-111.25611111,20140802,20140929,30031.0,20140813,246.0,121.0,165.0,0.0,1.2881714,16.0
115,0.1,A,44.68166667,-111.18833333,20140705,20140705,30031.0,20140705,222.0,96.0,161.0,0.0,2.1612358,16.0
120,0.1,A,44.80722222,-111.13805556,20140729,20140729,30031.0,20140729,241.0,73.0,150.0,51.0,1.1374587,16.0
125,0.1186440677966101,B,45.38305556,-111.25611111,20140802,20140929,30031.0,20140808,180.0,44.0,92.0,76.0,1.6507607,16.0
128,0.05,A,45.3675,-111.08277778,20140813,20140814,30031.0,20140813,246.0,121.0,165.0,0.0,1.2881714,16.0
130,0.0061728395061728,B,45.45388889,-110.92388889,20140711,20140929,30031.0,20140804,190.0,98.0,135.0,0.0,0.9799957,16.0
131,0.0061728395061728,B,45.45388889,-110.92388889,20140711,20140929,30031.0,20140720,278.0,54.0,190.0,0.0,3.8265548,16.0
135,0.1186440677966101,B,45.38305556,-111.25611111,20140802,20140929,30031.0,20140820,145.0,51.0,73.0,102.0,2.7464385,16.0
137,0.0061728395061728,B,45.45388889,-110.92388889,20140711,20140929,30031.0,20140813,246.0,121.0,165.0,0.0,1.2881714,16.0
139,0.0061728395061728,B,45.45388889,-110.92388889,20140711,20140929,30031.0,20140820,145.0,51.0,73.0,102.0,2.7464385,16.0
142,0.0061728395061728,B,45.45388889,-110.92388889,20140711,20140929,30031.0,20140719,232.0,53.0,145.0,0.0,3.2886825,16.0
143,0.1186440677966101,B,45.38305556,-111.25611111,20140802,20140929,30031.0,20140819,209.0,68.0,113.0,0.0,1.5541631,16.0
145,0.0061728395061728,B,45.45388889,-110.92388889,20140711,20140929,30031.0,20140814,246.0,87.0,164.0,51.0,0.7826238,16.0
148,0.0061728395061728,B,45.45388889,-110.92388889,20140711,20140929,30031.0,20140809,205.0,37.0,110.0,0.0,1.744503,16.0
151,0.0061728395061728,B,45.45388889,-110.92388889,20140711,20140929,30031.0,20140718,242.0,81.0,165.0,0.0,2.0344262,16.0
155,0.0061728395061728,B,45.45388889,-110.92388889,20140711,20140929,30031.0,20140802,204.0,80.0,122.0,0.0,0.8080271,16.0
156,0.1186440677966101,B,45.38305556,-111.25611111,20140802,20140929,30031.0,20140807,174.0,68.0,104.0,51.0,1.1359615,16.0
161,0.1186440677966101,B,45.38305556,-111.25611111,20140802,20140929,30031.0,20140809,205.0,37.0,110.0,0.0,1.744503,16.0
163,0.0061728395061728,B,45.45388889,-110.92388889,20140711,20140929,30031.0,20140819,209.0,68.0,113.0,0.0,1.5541631,16.0
166,0.1,A,44.73555556,-111.13833333,20140718,20140718,30031.0,20140718,242.0,81.0,165.0,0.0,2.0344262,16.0
167,0.1,A,45.48388889,-110.97666667,20140610,20140610,30031.0,20140610,187.0,43.0,112.0,0.0,1.4911082,14.0
170,0.1186440677966101,B,45.38305556,-111.25611111,20140802,20140929,30031.0,20140821,148.0,60.0,83.0,25.0,1.3360091,16.0
171,0.1,A,45.26555556,-111.27555556,20140610,20140610,30031.0,20140610,187.0,43.0,112.0,0.0,1.4911082,14.0
173,0.0061728395061728,B,45.45388889,-110.92388889,20140711,20140929,30031.0,20140801,202.0,81.0,128.0,0.0,0.9434007,16.0
174,0.0061728395061728,B,45.45388889,-110.92388889,20140711,20140929,30031.0,20140821,148.0,60.0,83.0,25.0,1.3360091,16.0
179,0.1,A,45.14277778,-111.24333333,20120604,20120604,30031.0,20120604,284.0,43.0,174.0,0.0,2.1371398,34.0
180,0.0061728395061728,B,45.45388889,-110.92388889,20140711,20140929,30031.0,20140826,195.0,45.0,112.0,0.0,0.8002530999999999,16.0
184,0.05,A,45.37027778,-111.15638889,20140712,20140713,30031.0,20140712,217.0,90.0,159.0,25.0,1.8798405,16.0
185,0.0061728395061728,B,45.45388889,-110.92388889,20140711,20140929,30031.0,20140727,227.0,55.0,128.0,0.0,1.9811566000000005,16.0
186,0.05,A,45.51055556,-111.02694444,20140824,20140825,30031.0,20140824,83.0,19.0,40.0,25.0,3.6792395,16.0
188,0.05,A,44.66694444,-111.10055556,20140727,20140728,30031.0,20140727,227.0,55.0,128.0,0.0,1.9811566000000005,16.0
190,0.0061728395061728,B,45.45388889,-110.92388889,20140711,20140929,30031.0,20140722,250.0,42.0,145.0,25.0,1.2819118,16.0
191,0.0061728395061728,B,45.45388889,-110.92388889,20140711,20140929,30031.0,20140725,256.0,-2.0,138.0,0.0,2.7528932,16.0
192,0.0061728395061728,B,45.45388889,-110.92388889,20140711,20140929,30031.0,20140713,260.0,86.0,178.0,0.0,2.0272646,16.0
194,0.0061728395061728,B,45.45388889,-110.92388889,20140711,20140929,30031.0,20140712,217.0,90.0,159.0,25.0,1.8798405,16.0
197,0.1248169073027829,B,45.38305556,-111.25611111,20140802,20140929,30031.0,20140824,83.0,19.0,40.0,25.0,3.6792395,16.0
198,0.1,A,45.25166667,-111.26194444,20130708,20130708,30031.0,20130708,263.0,80.0,148.0,0.0,2.813254,17.667
199,0.05,A,45.37027778,-111.15638889,20140712,20140713,30031.0,20140713,260.0,86.0,178.0,0.0,2.0272646,16.0
200,0.0061728395061728,B,45.45388889,-110.92388889,20140711,20140929,30031.0,20140812,260.0,36.0,154.0,0.0,1.6909709,16.0
201,0.0061728395061728,B,45.45388889,-110.92388889,20140711,20140929,30031.0,20140721,213.0,88.0,138.0,51.0,2.8650346,16.0
205,0.1,A,44.6858333,-111.107778,20100705,20100705,30031.0,20100705,145.0,15.0,58.0,102.0,3.9292812000000006,133.0
206,0.0061728395061728,B,45.45388889,-110.92388889,20140711,20140929,30031.0,20140714,205.0,84.0,136.0,0.0,3.0372458,16.0
207,0.0061728395061728,B,45.45388889,-110.92388889,20140711,20140929,30031.0,20140805,168.0,98.0,119.0,178.0,0.5852368,16.0
209,0.0061728395061728,B,45.45388889,-110.92388889,20140711,20140929,30031.0,20140811,239.0,81.0,137.0,0.0,0.36999512,16.0
210,0.1,A,44.8091667,-111.298056,20100805,20100805,30031.0,20100805,248.0,86.0,156.0,0.0,2.6527092,133.0
212,0.1,A,44.7627778,-111.177222,20100717,20100717,30031.0,20100717,253.0,102.0,186.0,0.0,0.6432786,133.0
214,0.1,A,44.7205556,-111.1775,20100718,20100718,30031.0,20100718,263.0,66.0,166.0,0.0,1.6324847,133.0
215,0.1,A,44.7375,-111.195833,20100708,20100708,30031.0,20100708,227.0,77.0,161.0,0.0,1.1884768,133.0
216,0.0061728395061728,B,45.45388889,-110.92388889,20140711,20140929,30031.0,20140726,271.0,2.0,147.0,0.0,1.4840839,16.0
218,0.1,A,45.29277778,-111.14111111,20140623,20140623,30031.0,20140623,201.0,18.0,109.0,0.0,1.5170101,14.0
219,0.1186440677966101,B,45.38305556,-111.25611111,20140802,20140929,30031.0,20140812,260.0,36.0,154.0,0.0,1.6909709,16.0
220,0.1186440677966101,B,45.38305556,-111.25611111,20140802,20140929,30031.0,20140805,168.0,98.0,119.0,178.0,0.5852368,16.0
222,0.025,A,45.20555556,-111.24055556,20140822,20140825,30031.0,20140824,83.0,19.0,40.0,25.0,3.6792395,16.0
223,0.1,A,44.7391667,-111.165556,20100805,20100805,30031.0,20100805,248.0,86.0,156.0,0.0,2.6527092,133.0
224,0.1999999999999999,B,45.52138889,-110.97222222,20140729,20140731,30031.0,20140731,218.0,78.0,145.0,0.0,0.6053161,16.0
225,0.1,A,45.33861111,-111.13333333,20120909,20120909,30031.0,20120909,221.0,47.0,128.0,0.0,3.812931,11.5
228,0.1,A,45.46583333,-111.25277778,20120830,20120830,30031.0,20120830,219.0,85.0,146.0,0.0,1.5033709,11.5
231,0.0061728395061728,B,45.45388889,-110.92388889,20140711,20140929,30031.0,20140715,183.0,66.0,116.0,51.0,0.7158899999999999,16.0
233,0.1,A,45.1405556,-111.240278,20100827,20100827,30031.0,20100827,243.0,67.0,171.0,0.0,2.6758995,133.0
236,0.1,A,45.5716667,-111.012778,20100723,20100723,30031.0,20100723,203.0,65.0,136.0,25.0,4.0770664,133.0
238,0.1,A,44.6694444,-111.143333,20100711,20100711,30031.0,20100711,187.0,48.0,115.0,0.0,0.588983,133.0
248,0.05,A,44.7975,-111.28194444,20130707,20130708,30031.0,20130707,271.0,72.0,154.0,25.0,1.7535453999999997,17.667
251,0.0025641025641025,A,44.9705556,-111.035278,20100802,20100909,30031.0,20100820,217.0,85.0,154.0,0.0,3.0103986000000003,133.0
253,0.0333333333333333,A,45.305,-111.23805556,20120807,20120809,30031.0,20120808,305.0,95.0,198.0,0.0,1.6758653,36.667
260,0.0555555555555555,B,45.815,-110.92833333,20120809,20120817,30031.0,20120811,223.0,77.0,143.0,0.0,2.7877214,11.5
262,0.1,A,45.78694444,-110.77416667,20090816,20090816,30031.0,20090816,74.0,16.0,38.0,76.0,2.8574305,16.0
263,0.0025641025641025,A,44.9705556,-111.035278,20100802,20100909,30031.0,20100819,243.0,40.0,156.0,0.0,3.7121396,133.0
274,0.125,A,44.75916667,-111.1175,20130720,20130721,30031.0,20130720,253.0,76.0,161.0,0.0,1.5358715,17.667
278,0.0555555555555555,B,45.815,-110.92833333,20120809,20120817,30031.0,20120817,255.0,49.0,151.0,0.0,0.22090882,11.5
294,0.0025641025641025,A,44.9705556,-111.035278,20100802,20100909,30031.0,20100816,254.0,1.0,124.0,0.0,1.9729394,133.0
296,0.0025641025641025,A,44.9705556,-111.035278,20100802,20100909,30031.0,20100815,208.0,39.0,118.0,0.0,1.4168165,133.0
297,0.0025641025641025,A,44.9705556,-111.035278,20100802,20100909,30031.0,20100814,161.0,10.0,80.0,25.0,1.8572277,133.0
299,0.0025641025641025,A,44.9705556,-111.035278,20100802,20100909,30031.0,20100813,151.0,31.0,76.0,25.0,2.6128254,133.0
304,0.0025641025641025,A,44.9705556,-111.035278,20100802,20100909,30031.0,20100804,210.0,84.0,140.0,0.0,3.0399477000000004,133.0
306,0.0555555555555555,B,45.815,-110.92833333,20120809,20120817,30031.0,20120815,100.0,53.0,74.0,0.0,2.6925824,11.5
307,0.0025641025641025,A,44.9705556,-111.035278,20100802,20100909,30031.0,20100827,243.0,67.0,171.0,0.0,2.6758995,133.0
308,0.0555555555555555,B,45.815,-110.92833333,20120809,20120817,30031.0,20120814,243.0,88.0,182.0,0.0,2.950607,11.5
312,0.1875,B,45.54,-110.96833333,20120728,20120804,30031.0,20120803,153.0,18.0,88.0,0.0,2.9007924,36.667
315,0.0025641025641025,A,44.9705556,-111.035278,20100802,20100909,30031.0,20100811,167.0,62.0,116.0,0.0,2.7064834,133.0
316,0.0025641025641025,A,44.9705556,-111.035278,20100802,20100909,30031.0,20100818,271.0,11.0,159.0,0.0,2.006844,133.0
319,0.05,A,45.48166667,-111.16722222,20120811,20120812,30031.0,20120812,238.0,50.0,137.0,0.0,1.8532135,11.5
320,0.125,A,45.54388889,-111.04888889,20120803,20120804,30031.0,20120803,153.0,18.0,88.0,0.0,2.9007924,36.667
321,0.0058823529411764,A,44.85722222,-111.41,20130730,20130815,30031.0,20130730,218.0,62.0,130.0,0.0,1.4138299,17.667
322,0.05,A,45.80916667,-110.84972222,20120811,20120812,30031.0,20120812,238.0,50.0,137.0,0.0,1.8532135,11.5
324,0.05,A,45.45888889,-111.3225,20120822,20120823,30031.0,20120823,221.0,92.0,154.0,25.0,1.6056222,11.5
325,0.0555555555555555,B,45.815,-110.92833333,20120809,20120817,30031.0,20120812,238.0,50.0,137.0,0.0,1.8532135,11.5
332,0.0025641025641025,A,44.9705556,-111.035278,20100802,20100909,30031.0,20100817,233.0,66.0,130.0,0.0,1.4046061,133.0
333,0.05,A,45.44027778,-111.43555556,20120822,20120823,30031.0,20120823,221.0,92.0,154.0,25.0,1.6056222,11.5
334,0.0833333333333333,A,45.84361111,-110.95805556,20120825,20120827,30031.0,20120826,209.0,69.0,119.0,25.0,2.153907,11.5
335,0.0333333333333333,A,45.305,-111.23805556,20120807,20120809,30031.0,20120807,249.0,44.0,139.0,0.0,1.5599986,36.667
336,0.0555555555555555,B,45.815,-110.92833333,20120809,20120817,30031.0,20120813,308.0,47.0,169.0,0.0,1.9847883,11.5
338,0.0555555555555555,B,45.815,-110.92833333,20120809,20120817,30031.0,20120816,263.0,7.0,128.0,0.0,3.5702837,11.5
339,0.0025641025641025,A,44.9705556,-111.035278,20100802,20100909,30031.0,20100802,213.0,59.0,122.0,0.0,2.5488048,133.0
340,0.0025641025641025,A,44.9705556,-111.035278,20100802,20100909,30031.0,20100812,189.0,46.0,117.0,0.0,2.8217845,133.0
342,0.05,A,45.80916667,-110.84972222,20120811,20120812,30031.0,20120811,223.0,77.0,143.0,0.0,2.7877214,11.5
345,0.05,A,45.48361111,-110.97638889,20120819,20120820,30031.0,20120820,227.0,86.0,139.0,0.0,0.2594164,11.5
346,0.0025641025641025,A,44.9705556,-111.035278,20100802,20100909,30031.0,20100828,139.0,54.0,82.0,178.0,2.7784936,133.0
347,0.0025641025641025,A,44.9705556,-111.035278,20100802,20100909,30031.0,20100807,197.0,60.0,104.0,25.0,1.7340142,133.0
348,0.0555555555555555,B,45.815,-110.92833333,20120809,20120817,30031.0,20120809,268.0,151.0,203.0,0.0,0.64899397,36.667
352,0.0333333333333333,A,45.305,-111.23805556,20120807,20120809,30031.0,20120809,268.0,151.0,203.0,0.0,0.64899397,36.667
361,0.0025641025641025,A,44.9705556,-111.035278,20100802,20100909,30031.0,20100808,198.0,34.0,94.0,127.0,1.4051421999999998,133.0
370,0.05,A,44.7975,-111.28194444,20130707,20130708,30031.0,20130708,263.0,80.0,148.0,0.0,2.813254,17.667
374,0.0025641025641025,A,44.9705556,-111.035278,20100802,20100909,30031.0,20100823,155.0,11.0,88.0,0.0,4.037188,133.0
376,0.0555555555555555,B,45.815,-110.92833333,20120809,20120817,30031.0,20120810,212.0,102.0,154.0,25.0,1.5883613,36.667
385,0.0025641025641025,A,44.9705556,-111.035278,20100802,20100909,30031.0,20100803,267.0,52.0,139.0,51.0,1.7923380000000002,133.0
396,0.0025641025641025,A,44.9705556,-111.035278,20100802,20100909,30031.0,20100824,182.0,25.0,104.0,0.0,1.0248871,133.0
411,0.05,A,45.45888889,-111.3225,20120822,20120823,30031.0,20120822,201.0,65.0,118.0,25.0,2.3409383,11.5
413,0.0025641025641025,A,44.9705556,-111.035278,20100802,20100909,30031.0,20100809,227.0,70.0,126.0,76.0,2.7108877,133.0
417,0.0025641025641025,A,44.9705556,-111.035278,20100802,20100909,30031.0,20100805,248.0,86.0,156.0,0.0,2.6527092,133.0
424,0.0025641025641025,A,44.9705556,-111.035278,20100802,20100909,30031.0,20100821,235.0,129.0,172.0,25.0,3.2673035,133.0
426,0.05,A,44.87805556,-111.35944444,20120824,20120825,30031.0,20120824,213.0,16.0,120.0,0.0,3.2743359,11.5
430,0.0025641025641025,A,44.9705556,-111.035278,20100802,20100909,30031.0,20100826,291.0,86.0,194.0,0.0,3.3452067000000003,133.0
435,0.0025641025641025,A,44.9705556,-111.035278,20100802,20100909,30031.0,20100810,157.0,55.0,85.0,76.0,2.3330941000000003,133.0
440,0.05,A,45.48166667,-111.16722222,20120811,20120812,30031.0,20120811,223.0,77.0,143.0,0.0,2.7877214,11.5
449,0.0833333333333333,A,45.84361111,-110.95805556,20120825,20120827,30031.0,20120825,210.0,28.0,122.0,0.0,0.67779505,11.5
451,0.125,A,45.54388889,-111.04888889,20120803,20120804,30031.0,20120804,273.0,-12.0,138.0,0.0,0.99317044,36.667
452,0.0025641025641025,A,44.9705556,-111.035278,20100802,20100909,30031.0,20100825,251.0,-11.0,119.0,0.0,1.571757,133.0
454,0.0025641025641025,A,44.9705556,-111.035278,20100802,20100909,30031.0,20100822,204.0,52.0,119.0,76.0,3.3082914,133.0
456,0.0025641025641025,A,44.9705556,-111.035278,20100802,20100909,30031.0,20100806,223.0,79.0,137.0,25.0,1.8133978,133.0
457,0.05,A,45.44027778,-111.43555556,20120822,20120823,30031.0,20120822,201.0,65.0,118.0,25.0,2.3409383,11.5
458,0.05,A,44.87805556,-111.35944444,20120824,20120825,30031.0,20120825,210.0,28.0,122.0,0.0,0.67779505,11.5
459,0.125,A,44.75916667,-111.1175,20130720,20130721,30031.0,20130721,226.0,83.0,159.0,0.0,1.2243037,17.667
460,0.05,A,45.48361111,-110.97638889,20120819,20120820,30031.0,20120819,259.0,11.0,138.0,0.0,1.0704268,11.5
462,0.1875,B,45.54,-110.96833333,20120728,20120804,30031.0,20120804,273.0,-12.0,138.0,0.0,0.99317044,36.667
485,159.3181818181818,G,45.40055556,-111.10333333,20120828,20121101,30031.0,20120909,221.0,47.0,128.0,0.0,3.812931,11.5
492,159.3181818181818,G,45.40055556,-111.10333333,20120828,20121101,30031.0,20120908,229.0,32.0,124.0,0.0,1.5473860000000002,11.5
504,0.0025641025641025,A,44.9705556,-111.035278,20100802,20100909,30031.0,20100909,95.0,17.0,40.0,102.0,2.5465546000000003,133.0
509,159.3181818181818,G,45.40055556,-111.10333333,20120828,20121101,30031.0,20120910,194.0,19.0,118.0,0.0,3.960123,36.667
532,0.05,A,44.8775,-111.34333333,20090720,20090721,30031.0,20090721,267.0,21.0,156.0,0.0,1.9516374,16.0
540,0.0333333333333333,A,45.16194444,-111.09888889,20120905,20120907,30031.0,20120907,229.0,-20.0,95.0,0.0,0.26870403,11.5
547,159.3181818181818,G,45.40055556,-111.10333333,20120828,20121101,30031.0,20120903,226.0,-11.0,111.0,0.0,2.3563735,11.5
555,160.68068181818182,B,45.56305556,-110.89611111,20120830,20120902,30031.0,20120902,169.0,32.0,89.0,25.0,2.983772,11.5
561,159.3181818181818,G,45.40055556,-111.10333333,20120828,20121101,30031.0,20120901,168.0,58.0,102.0,76.0,3.7387757000000006,11.5
564,1.3125,B,45.56305556,-110.89611111,20120830,20120902,30031.0,20120901,168.0,58.0,102.0,76.0,3.7387757000000006,11.5
567,0.0025641025641025,A,44.9705556,-111.035278,20100802,20100909,30031.0,20100906,79.0,-42.0,11.0,25.0,4.654301599999998,133.0
573,159.3181818181818,G,45.40055556,-111.10333333,20120828,20121101,30031.0,20120907,229.0,-20.0,95.0,0.0,0.26870403,11.5
578,159.35151515151514,A,45.16194444,-111.09888889,20120905,20120907,30031.0,20120906,153.0,46.0,91.0,0.0,0.76320845,11.5
580,159.3181818181818,G,45.40055556,-111.10333333,20120828,20121101,30031.0,20120905,208.0,21.0,110.0,0.0,1.7734267,11.5
584,0.0333333333333333,A,45.16194444,-111.09888889,20120905,20120907,30031.0,20120905,208.0,21.0,110.0,0.0,1.7734267,11.5
588,0.0025641025641025,A,44.9705556,-111.035278,20100802,20100909,30031.0,20100907,175.0,0.0,84.0,25.0,2.7312963,133.0
600,159.3181818181818,G,45.40055556,-111.10333333,20120828,20121101,30031.0,20120904,208.0,-15.0,93.0,25.0,2.8304412,11.5
601,0.0025641025641025,A,44.9705556,-111.035278,20100802,20100909,30031.0,20100908,166.0,49.0,98.0,25.0,3.2048934,133.0
605,159.3181818181818,G,45.40055556,-111.10333333,20120828,20121101,30031.0,20120915,216.0,13.0,110.0,25.0,3.0645366000000003,11.5
632,0.05,A,45.81027778,-110.99777778,20090712,20090713,30031.0,20090712,235.0,67.0,142.0,0.0,1.80178,16.0
634,0.05,A,45.08166667,-111.2375,20090706,20090707,30031.0,20090707,168.0,41.0,107.0,0.0,0.88481283,16.0
637,0.05,A,45.08166667,-111.2375,20090706,20090707,30031.0,20090706,205.0,53.0,114.0,76.0,1.8313398,16.0
642,159.3181818181818,G,45.40055556,-111.10333333,20120828,20121101,30031.0,20120918,192.0,0.0,82.0,0.0,3.7803879,11.5
644,159.3181818181818,G,45.40055556,-111.10333333,20120828,20121101,30031.0,20120917,186.0,-24.0,67.0,0.0,1.2080166,11.5
649,159.3181818181818,G,45.40055556,-111.10333333,20120828,20121101,30031.0,20120916,123.0,22.0,69.0,0.0,1.8867885,11.5
656,159.3181818181818,G,45.40055556,-111.10333333,20120828,20121101,30031.0,20120919,244.0,-21.0,113.0,0.0,1.9293859,11.5
671,0.05,A,45.84527778,-110.94611111,20090714,20090715,30031.0,20090714,141.0,50.0,93.0,0.0,4.4000545,16.0
673,0.05,A,45.84527778,-110.94611111,20090714,20090715,30031.0,20090715,202.0,57.0,130.0,0.0,1.0606623,16.0
686,159.3181818181818,G,45.40055556,-111.10333333,20120828,20121101,30031.0,20120911,117.0,-11.0,46.0,0.0,3.0501263,11.5
688,0.05,A,44.89,-111.15388889,20090803,20090804,30031.0,20090803,240.0,91.0,163.0,0.0,0.77421147,16.0
697,159.3181818181818,G,45.40055556,-111.10333333,20120828,20121101,30031.0,20120912,116.0,-5.0,51.0,0.0,2.2203138,11.5
703,159.3181818181818,G,45.40055556,-111.10333333,20120828,20121101,30031.0,20120914,219.0,3.0,117.0,0.0,2.3972764,11.5
705,159.3181818181818,G,45.40055556,-111.10333333,20120828,20121101,30031.0,20120913,199.0,73.0,131.0,0.0,0.26627672,11.5
715,0.05,A,44.8775,-111.34333333,20090720,20090721,30031.0,20090720,214.0,68.0,140.0,0.0,2.050613,16.0
723,0.05,A,45.81027778,-110.99777778,20090712,20090713,30031.0,20090713,167.0,47.0,110.0,0.0,3.2729964,16.0
726,0.05,A,44.89,-111.15388889,20090803,20090804,30031.0,20090804,216.0,81.0,133.0,0.0,1.2299957,16.0
755,0.1875,B,45.54,-110.96833333,20120728,20120804,30031.0,20120730,293.0,140.0,209.0,0.0,1.8976028000000005,36.667
760,0.0025641025641025,A,44.9705556,-111.035278,20100802,20100909,30031.0,20100831,94.0,12.0,50.0,25.0,2.6786056,133.0
766,0.05,A,44.70777778,-111.19666667,20120728,20120729,30031.0,20120729,269.0,74.0,166.0,0.0,0.33525535,36.667
768,0.0025641025641025,A,44.9705556,-111.035278,20100802,20100909,30031.0,20100901,77.0,15.0,52.0,203.0,5.158007,133.0
772,0.3375,A,44.73555556,-111.42444444,20120727,20120728,30031.0,20120728,256.0,81.0,167.0,0.0,1.8601111,36.667
789,0.2375,A,45.54166667,-111.01194444,20120728,20120729,30031.0,20120729,269.0,74.0,166.0,0.0,0.33525535,36.667
797,0.1875,B,45.54,-110.96833333,20120728,20120804,30031.0,20120801,239.0,70.0,140.0,0.0,1.2003719,36.667
799,0.0058823529411764,A,44.85722222,-111.41,20130730,20130815,30031.0,20130731,256.0,55.0,156.0,0.0,0.55072516,17.667
810,0.0025641025641025,A,44.9705556,-111.035278,20100802,20100909,30031.0,20100829,147.0,25.0,76.0,0.0,1.7340142,133.0
815,0.1875,B,45.54,-110.96833333,20120728,20120804,30031.0,20120802,263.0,70.0,167.0,0.0,2.4804997,36.667
819,0.05,A,45.60166667,-110.86333333,20120826,20120827,30031.0,20120826,209.0,69.0,119.0,25.0,2.153907,11.5
826,0.0025641025641025,A,44.9705556,-111.035278,20100802,20100909,30031.0,20100830,83.0,16.0,53.0,102.0,2.0131810000000003,133.0
828,0.1333333333333333,A,45.84361111,-110.95805556,20120825,20120827,30031.0,20120827,223.0,91.0,138.0,25.0,2.229917,11.5
832,0.05,A,45.60166667,-110.86333333,20120826,20120827,30031.0,20120827,223.0,91.0,138.0,25.0,2.229917,11.5
853,0.1875,B,45.54,-110.96833333,20120728,20120804,30031.0,20120731,278.0,91.0,181.0,0.0,1.6724213,36.667
868,159.3181818181818,G,45.40055556,-111.10333333,20120828,20121101,30031.0,20120829,204.0,87.0,148.0,0.0,3.1441686,11.5
871,159.3181818181818,G,45.40055556,-111.10333333,20120828,20121101,30031.0,20120830,219.0,85.0,146.0,0.0,1.5033709,11.5
879,0.0025641025641025,A,44.9705556,-111.035278,20100802,20100909,30031.0,20100903,207.0,26.0,123.0,0.0,1.9388902,133.0
890,0.0025641025641025,A,44.9705556,-111.035278,20100802,20100909,30031.0,20100904,269.0,-12.0,126.0,0.0,2.7848616,133.0
894,0.05,A,44.73805556,-111.14055556,20120901,20120902,30031.0,20120901,168.0,58.0,102.0,76.0,3.7387757000000006,11.5
900,1.3125,B,45.56305556,-110.89611111,20120830,20120902,30031.0,20120831,257.0,73.0,155.0,0.0,2.7111661,36.667
903,159.3181818181818,G,45.40055556,-111.10333333,20120828,20121101,30031.0,20120831,257.0,73.0,155.0,0.0,2.7111661,36.667
910,0.0025641025641025,A,44.9705556,-111.035278,20100802,20100909,30031.0,20100905,126.0,-7.0,45.0,25.0,2.9029078,133.0
915,1.3125,B,45.56305556,-110.89611111,20120830,20120902,30031.0,20120830,219.0,85.0,146.0,0.0,1.5033709,11.5
921,0.05,A,45.58972222,-110.93666667,20120828,20120829,30031.0,20120829,204.0,87.0,148.0,0.0,3.1441686,11.5
923,159.3181818181818,G,45.40055556,-111.10333333,20120828,20121101,30031.0,20120828,259.0,93.0,184.0,0.0,2.262258,11.5
926,0.05,A,45.58972222,-110.93666667,20120828,20120829,30031.0,20120828,259.0,93.0,184.0,0.0,2.262258,11.5
927,0.0025641025641025,A,44.9705556,-111.035278,20100802,20100909,30031.0,20100902,194.0,-16.0,89.0,0.0,1.7962112,133.0
929,0.05,A,45.63444444,-110.88083333,20120827,20120828,30031.0,20120828,259.0,93.0,184.0,0.0,2.262258,11.5
938,0.05,A,44.73555556,-111.42444444,20120727,20120728,30031.0,20120727,266.0,54.0,145.0,0.0,1.7270006999999998,36.667
