,FIRE_SIZE,FIRE_SIZE_CLASS,LATITUDE,LONGITUDE,START_DATE,END_DATE,FIPS,DATE,tmax,tmin,tavg,prcp,aws,fmc
2,0.0575757575757575,B,45.6331,-106.0253,20140812,20140913,30075.0,20140822,146.0,73.0,101.0,0.0,3.3837839999999995,95.75
3,0.1,A,45.24923,-105.90827,20130717,20130718,30075.0,20130718,242.0,111.0,180.0,0.0,1.86077,104.2
6,4.7,B,45.19517,-105.75383,20140723,20140724,30075.0,20140724,256.0,72.0,182.0,0.0,3.1763008,101.0
7,0.0575757575757575,B,45.6331,-106.0253,20140812,20140913,30075.0,20140824,97.0,40.0,67.0,0.0,5.0288115,95.75
8,0.3333333333333333,B,45.5506,-105.8936,20101022,20101024,30075.0,20101024,78.0,-8.0,38.0,76.0,3.8554451,66.2
9,2.1666666666666665,B,45.0439,-105.8236,20130905,20130907,30075.0,20130905,267.0,121.0,181.0,0.0,1.8668215,77.5
10,2.433333333333333,B,45.28613,-106.28422,20130906,20130908,30075.0,20130907,322.0,150.0,230.0,84.0,1.88664,77.5
12,2.125,B,45.1697,-105.6175,20100702,20100705,30075.0,20100704,146.0,51.0,83.0,0.0,3.7275956,130.5
13,635.9555555555556,G,45.03033,-106.1219,20150711,20150719,30075.0,20150715,173.0,61.0,115.0,25.0,0.7846178,103.75
14,44.0,C,45.21278,-105.61287,20100916,20100916,30075.0,20100916,178.0,47.0,98.0,76.0,3.1522045,70.4
15,2.125,B,45.1697,-105.6175,20100702,20100705,30075.0,20100703,158.0,66.0,101.0,0.0,3.5120318,130.5
16,0.0575757575757575,B,45.6331,-106.0253,20140812,20140913,30075.0,20140816,322.0,117.0,202.0,0.0,0.40718025,117.0
17,1.3,B,45.7283,-105.9892,20140727,20140727,30075.0,20140727,214.0,46.0,134.0,0.0,2.1423721,88.8
18,7.640000000000001,C,45.39007,-106.2109,20130906,20130910,30075.0,20130906,249.0,107.0,170.0,0.0,0.9068512,77.5
21,2.0,B,45.458,-106.107,20120728,20120728,30075.0,20120728,260.0,100.0,166.0,25.0,1.675238,86.75
22,0.0575757575757575,B,45.6331,-106.0253,20140812,20140913,30075.0,20140817,228.0,85.0,140.0,0.0,2.9004343,117.0
23,1.05,B,45.41944444,-105.92083333,20150819,20150820,30075.0,20150819,144.0,-8.0,70.0,0.0,1.2837932,86.0
25,1.05,B,45.41944444,-105.92083333,20150819,20150820,30075.0,20150820,214.0,60.0,134.0,0.0,2.6806016,86.0
26,0.0575757575757575,B,45.6331,-106.0253,20140812,20140913,30075.0,20140814,160.0,85.0,126.0,102.0,1.7328838,117.0
28,22.16,D,45.25444444,-106.18611111,20150711,20150715,30075.0,20150715,173.0,61.0,115.0,25.0,0.7846178,103.75
29,1.56,C,45.6333,-106.2167,20140715,20140724,30075.0,20140715,180.0,66.0,108.0,0.0,2.1362147,101.0
30,4.333333333333333,C,45.25583333,-106.20916667,20150715,20150717,30075.0,20150715,173.0,61.0,115.0,25.0,0.7846178,103.75
31,1.56,C,45.6333,-106.2167,20140715,20140724,30075.0,20140719,249.0,100.0,166.0,0.0,1.7888612000000002,101.0
32,2.125,B,45.1697,-105.6175,20100702,20100705,30075.0,20100705,137.0,56.0,90.0,0.0,4.0700083,130.5
33,2.433333333333333,B,45.28613,-106.28422,20130906,20130908,30075.0,20130906,249.0,107.0,170.0,0.0,0.9068512,77.5
35,0.1,A,45.30055556,-106.1325,20150602,20150602,30075.0,20150602,199.0,41.0,107.0,0.0,1.0547512,117.0
37,0.0575757575757575,B,45.6331,-106.0253,20140812,20140913,30075.0,20140815,208.0,79.0,131.0,0.0,2.0906684,117.0
38,0.1,A,45.2065,-106.1877,20140804,20140804,30075.0,20140804,193.0,103.0,133.0,76.0,1.7008193,104.0
39,0.3,B,45.08337,-105.97717,20120728,20120728,30075.0,20120728,260.0,100.0,166.0,25.0,1.675238,86.75
40,635.9555555555556,G,45.03033,-106.1219,20150711,20150719,30075.0,20150719,294.0,78.0,180.0,0.0,5.0389733,103.75
41,0.05,A,45.30111111,-106.15611111,20150601,20150602,30075.0,20150601,221.0,62.0,126.0,0.0,1.8950593,117.0
43,635.9555555555556,G,45.03033,-106.1219,20150711,20150719,30075.0,20150712,223.0,88.0,153.0,0.0,2.9516943,103.75
44,3.6,B,45.47444444,-106.08638889,20150809,20150810,30075.0,20150809,176.0,58.0,103.0,0.0,1.7410485,81.75
45,22.16,D,45.25444444,-106.18611111,20150711,20150715,30075.0,20150712,223.0,88.0,153.0,0.0,2.9516943,103.75
46,0.05,A,45.30111111,-106.15611111,20150601,20150602,30075.0,20150602,199.0,41.0,107.0,0.0,1.0547512,117.0
47,2.6333333333333333,B,45.47257,-106.08653,20140719,20140721,30075.0,20140719,249.0,100.0,166.0,0.0,1.7888612000000002,101.0
48,0.6,B,45.47638889,-106.03027778,20150809,20150811,30075.0,20150809,176.0,58.0,103.0,0.0,1.7410485,81.75
49,7.7,C,45.7394,-106.00128,20140803,20140805,30075.0,20140805,261.0,150.0,202.0,13.0,2.559773,104.0
50,0.0575757575757575,B,45.6331,-106.0253,20140812,20140913,30075.0,20140819,248.0,89.0,160.0,0.0,1.9866786,117.0
51,1.2,B,45.718,-106.0008,20140720,20140721,30075.0,20140720,244.0,81.0,165.0,0.0,3.5024135000000003,101.0
52,0.0575757575757575,B,45.6331,-106.0253,20140812,20140913,30075.0,20140813,222.0,106.0,152.0,0.0,3.061931,117.0
53,0.2666666666666666,B,45.47193,-106.02323,20140610,20140612,30075.0,20140611,104.0,12.0,45.0,25.0,2.2163851,123.0
54,0.05,A,45.19477,-106.20385,20140528,20140529,30075.0,20140529,233.0,144.0,200.0,0.0,1.1778392,123.0
55,0.2666666666666666,B,45.47193,-106.02323,20140610,20140612,30075.0,20140612,166.0,9.0,103.0,76.0,1.5882461,123.0
56,0.3,B,45.32707,-106.15762,20120527,20120527,30075.0,20120527,71.0,-16.0,10.0,25.0,4.832764,96.5
57,0.9,B,45.7525,-106.03361111,20150715,20150716,30075.0,20150715,173.0,61.0,115.0,25.0,0.7846178,103.75
58,10.8,C,45.7006,-105.9683,20140814,20140814,30075.0,20140814,160.0,85.0,126.0,102.0,1.7328838,117.0
60,0.1,A,45.24923,-105.90827,20130717,20130718,30075.0,20130717,242.0,108.0,171.0,0.0,2.762402,104.2
61,1.56,C,45.6333,-106.2167,20140715,20140724,30075.0,20140716,157.0,75.0,107.0,0.0,1.7220078999999997,101.0
63,2.6333333333333333,B,45.47257,-106.08653,20140719,20140721,30075.0,20140720,244.0,81.0,165.0,0.0,3.5024135000000003,101.0
64,0.5,B,45.38747,-105.93503,20140605,20140606,30075.0,20140606,71.0,24.0,50.0,76.0,2.6082377,123.0
65,73.33333333333333,D,45.36822,-105.76095,20140719,20140721,30075.0,20140719,249.0,100.0,166.0,0.0,1.7888612000000002,101.0
68,0.0575757575757575,B,45.6331,-106.0253,20140812,20140913,30075.0,20140823,127.0,37.0,83.0,76.0,5.9081626,95.75
70,4.0,C,45.46823,-105.91507,20130625,20130627,30075.0,20130625,212.0,98.0,153.0,0.0,0.73546207,127.111
71,0.0575757575757575,B,45.6331,-106.0253,20140812,20140913,30075.0,20140818,212.0,67.0,128.0,0.0,3.175298,117.0
73,22.16,D,45.25444444,-106.18611111,20150711,20150715,30075.0,20150713,197.0,78.0,139.0,0.0,1.7492856,103.75
74,15.225,C,45.41166667,-106.01916667,20150716,20150719,30075.0,20150719,294.0,78.0,180.0,0.0,5.0389733,103.75
75,4.0,C,45.46823,-105.91507,20130625,20130627,30075.0,20130626,220.0,81.0,147.0,0.0,4.9135056,127.111
76,0.05,A,45.083762,-105.97775,20150804,20150805,30075.0,20150804,182.0,84.0,129.0,51.0,0.5273755,81.75
77,2.0,B,45.15573,-106.22522,20120603,20120603,30075.0,20120603,170.0,82.0,119.0,0.0,4.2989297,96.5
78,0.8,B,45.55135,-105.92227,20140804,20140804,30075.0,20140804,193.0,103.0,133.0,76.0,1.7008193,104.0
80,0.5,B,45.38747,-105.93503,20140605,20140606,30075.0,20140605,161.0,30.0,92.0,76.0,3.6203403,123.0
81,0.05,A,45.19477,-106.20385,20140528,20140529,30075.0,20140528,205.0,70.0,141.0,127.0,4.5156364,123.0
83,0.3333333333333333,B,45.5506,-105.8936,20101022,20101024,30075.0,20101022,137.0,24.0,63.0,0.0,1.4735299,66.2
84,3.2,B,45.04558,-106.16245,20120722,20120722,30075.0,20120722,251.0,110.0,170.0,0.0,3.0984507000000003,88.0
86,2.1666666666666665,B,45.0439,-105.8236,20130905,20130907,30075.0,20130906,249.0,107.0,170.0,0.0,0.9068512,77.5
87,0.2666666666666666,B,45.47193,-106.02323,20140610,20140612,30075.0,20140610,162.0,20.0,84.0,0.0,2.6001716,123.0
88,0.05,A,45.17872,-106.12338,20100914,20100915,30075.0,20100915,134.0,43.0,82.0,0.0,1.3009643999999998,70.4
89,0.0575757575757575,B,45.6331,-106.0253,20140812,20140913,30075.0,20140820,189.0,90.0,136.0,0.0,0.10440856,117.0
91,0.1,A,45.2219444,-105.841389,20100729,20100729,30075.0,20100729,232.0,90.0,159.0,25.0,0.8528841999999999,122.6
92,3.6,B,45.47444444,-106.08638889,20150809,20150810,30075.0,20150810,214.0,61.0,136.0,0.0,1.9981242,81.75
94,1.5,B,45.377603,-106.279197,20120810,20120810,30075.0,20120810,228.0,111.0,169.0,51.0,3.9980996,86.25
95,0.1,A,45.2147222,-106.053333,20100729,20100729,30075.0,20100729,232.0,90.0,159.0,25.0,0.8528841999999999,122.6
99,0.0575757575757575,B,45.6331,-106.0253,20140812,20140913,30075.0,20140821,147.0,55.0,94.0,51.0,3.201554,117.0
100,73.33333333333333,D,45.36822,-105.76095,20140719,20140721,30075.0,20140720,244.0,81.0,165.0,0.0,3.5024135000000003,101.0
101,7.7,C,45.7394,-106.00128,20140803,20140805,30075.0,20140804,193.0,103.0,133.0,76.0,1.7008193,104.0
102,0.3333333333333333,B,45.5506,-105.8936,20101022,20101024,30075.0,20101023,106.0,-1.0,38.0,0.0,1.2179447,66.2
103,1.4,B,45.1383,-105.5633,20141022,20141022,30075.0,20141022,117.0,-12.0,50.0,0.0,5.408327,78.25
104,0.05,A,45.083762,-105.97775,20150804,20150805,30075.0,20150805,203.0,57.0,118.0,76.0,1.3098187,81.75
105,0.6,B,45.47638889,-106.03027778,20150809,20150811,30075.0,20150810,214.0,61.0,136.0,0.0,1.9981242,81.75
107,4.0,C,45.46823,-105.91507,20130625,20130627,30075.0,20130627,227.0,86.0,150.0,0.0,4.1837153,127.111
108,4.2,B,45.21715,-105.15703,20150905,20150905,30075.0,20150905,174.0,36.0,115.0,0.0,1.8809903,84.25
109,2.125,B,45.1697,-105.6175,20100702,20100705,30075.0,20100702,273.0,112.0,190.0,0.0,4.7169905,130.5
110,1.56,C,45.6333,-106.2167,20140715,20140724,30075.0,20140720,244.0,81.0,165.0,0.0,3.5024135000000003,101.0
111,18.8,C,45.1136,-106.0111,20150804,20150804,30075.0,20150804,182.0,84.0,129.0,51.0,0.5273755,81.75
113,7.640000000000001,C,45.39007,-106.2109,20130906,20130910,30075.0,20130907,322.0,150.0,230.0,84.0,1.88664,77.5
114,0.2,A,45.35772,-106.27008,20130725,20130725,30075.0,20130725,283.0,139.0,228.0,0.0,2.1360009,96.75
115,0.05,A,45.17872,-106.12338,20100914,20100915,30075.0,20100914,208.0,53.0,116.0,0.0,3.391863,70.4
117,1.56,C,45.6333,-106.2167,20140715,20140724,30075.0,20140717,322.0,89.0,196.0,0.0,1.2083101,101.0
118,6.9,C,45.3325,-106.2191,20130909,20130911,30075.0,20130911,190.0,64.0,113.0,0.0,2.0461872,61.8
119,8.333333333333334,C,45.26092,-106.19958,20140721,20140723,30075.0,20140721,249.0,90.0,164.0,0.0,2.5836658,101.0
120,2.7,B,45.63833333,-106.13888889,20150704,20150705,30075.0,20150705,171.0,62.0,104.0,76.0,1.9814765,117.0
121,635.9555555555556,G,45.03033,-106.1219,20150711,20150719,30075.0,20150714,200.0,60.0,127.0,25.0,2.0871632,103.75
122,68.50757575757576,D,45.17052,-106.1873,20140903,20140904,30075.0,20140903,239.0,38.0,136.0,0.0,1.6956631000000002,88.25
123,38.25,D,45.02013,-105.93338,20140907,20140912,30075.0,20140907,190.0,53.0,109.0,0.0,2.3754826,88.25
124,0.2,B,45.5714,-106.1472,20151028,20151029,30075.0,20151028,56.0,-30.0,3.0,0.0,5.96893,76.75
125,0.2,A,45.285,-106.1503,20140722,20140722,30075.0,20140722,229.0,80.0,163.0,51.0,2.383046,101.0
126,38.25,D,45.02013,-105.93338,20140907,20140912,30075.0,20140911,-26.0,-86.0,-49.0,203.0,2.384719,78.25
127,0.1,A,45.2944,-106.0825,20120717,20120717,30075.0,20120717,205.0,78.0,128.0,0.0,0.83167696,90.0
128,0.0575757575757575,B,45.6331,-106.0253,20140812,20140913,30075.0,20140911,-26.0,-86.0,-49.0,203.0,2.384719,78.25
129,35.0,C,45.0267,-105.8564,20120717,20120717,30075.0,20120717,205.0,78.0,128.0,0.0,0.83167696,90.0
130,0.0575757575757575,B,45.6331,-106.0253,20140812,20140913,30075.0,20140910,72.0,-30.0,25.0,127.0,4.1339190000000015,88.25
131,0.2,B,45.40607,-106.09838,20130809,20130810,30075.0,20130810,214.0,82.0,128.0,0.0,3.4204233,84.75
132,1.0,B,45.083,-105.977,20150921,20150921,30075.0,20150921,175.0,31.0,108.0,0.0,4.750066,68.0
133,38.25,D,45.02013,-105.93338,20140907,20140912,30075.0,20140910,72.0,-30.0,25.0,127.0,4.1339190000000015,88.25
134,7.7,C,45.7394,-106.00128,20140803,20140805,30075.0,20140803,230.0,96.0,154.0,0.0,2.581257,88.8
135,0.0575757575757575,B,45.6331,-106.0253,20140812,20140913,30075.0,20140812,224.0,95.0,160.0,0.0,1.4122376,104.0
136,0.0575757575757575,B,45.6331,-106.0253,20140812,20140913,30075.0,20140828,195.0,50.0,117.0,51.0,2.1219080000000003,88.25
137,38.25,D,45.02013,-105.93338,20140907,20140912,30075.0,20140912,76.0,-78.0,0.0,76.0,3.5484414,78.25
138,5.05,C,45.4506,-105.9347,20130824,20130827,30075.0,20130825,248.0,99.0,168.0,0.0,0.57429034,80.25
139,0.0575757575757575,B,45.6331,-106.0253,20140812,20140913,30075.0,20140906,180.0,48.0,101.0,0.0,2.4083278,88.25
140,0.15,B,45.4929,-105.9239,20130824,20130825,30075.0,20130825,248.0,99.0,168.0,0.0,0.57429034,80.25
141,37.2,C,45.6578,-105.3656,20120711,20120711,30075.0,20120711,265.0,109.0,176.0,0.0,0.49728984,92.75
142,635.9555555555556,G,45.03033,-106.1219,20150711,20150719,30075.0,20150717,156.0,52.0,93.0,0.0,3.5320852,103.75
143,2.433333333333333,B,45.28613,-106.28422,20130906,20130908,30075.0,20130908,256.0,144.0,209.0,38.0,0.75953853,77.5
144,0.05,A,45.17833,-106.2055,20141007,20141008,30075.0,20141008,148.0,35.0,84.0,0.0,1.9992019,78.25
145,7.0,C,45.472717,-105.91165,20130824,20130827,30075.0,20130825,248.0,99.0,168.0,0.0,0.57429034,80.25
146,0.0575757575757575,B,45.6331,-106.0253,20140812,20140913,30075.0,20140912,76.0,-78.0,0.0,76.0,3.5484414,78.25
147,0.0575757575757575,B,45.6331,-106.0253,20140812,20140913,30075.0,20140913,122.0,-20.0,28.0,0.0,1.7707103,78.25
148,0.05,A,45.17833,-106.2055,20141007,20141008,30075.0,20141007,118.0,42.0,76.0,0.0,6.164162,78.25
149,0.2,B,45.5714,-106.1472,20151028,20151029,30075.0,20151029,80.0,-30.0,17.0,0.0,1.6267298,76.75
150,9.0,B,45.41297,-105.77248,20130824,20130824,30075.0,20130824,186.0,88.0,125.0,0.0,1.9780086,80.25
151,13.833333333333334,C,45.0022,-105.82793,20150724,20150726,30075.0,20150726,223.0,75.0,149.0,0.0,0.29999998,62.2
152,12.2,B,45.4929,-105.9239,20130824,20130825,30075.0,20130824,186.0,88.0,125.0,0.0,1.9780086,80.25
153,635.9555555555556,G,45.03033,-106.1219,20150711,20150719,30075.0,20150711,216.0,94.0,149.0,0.0,5.162969599999999,103.75
154,0.05,A,45.21708,-106.24545,20140723,20140724,30075.0,20140723,294.0,102.0,191.0,0.0,2.507276,101.0
155,1.45,B,45.32137,-106.20283,20130809,20130810,30075.0,20130810,214.0,82.0,128.0,0.0,3.4204233,84.75
156,0.0575757575757575,B,45.6331,-106.0253,20140812,20140913,30075.0,20140829,170.0,50.0,110.0,0.0,3.4328473,88.25
157,0.8333333333333334,B,45.0642,-105.985,20130815,20130817,30075.0,20130815,249.0,70.0,155.0,0.0,1.0816678999999998,84.75
158,4.333333333333333,C,45.25583333,-106.20916667,20150715,20150717,30075.0,20150716,204.0,49.0,130.0,0.0,2.8783677000000005,103.75
159,39.2,C,45.02563,-106.19895,20120709,20120709,30075.0,20120709,209.0,80.0,145.0,0.0,3.046131,92.75
160,15.225,C,45.41166667,-106.01916667,20150716,20150719,30075.0,20150716,204.0,49.0,130.0,0.0,2.8783677000000005,103.75
161,7.640000000000001,C,45.39007,-106.2109,20130906,20130910,30075.0,20130910,173.0,36.0,96.0,0.0,0.26248458,61.8
162,0.1,A,45.3558,-106.3547,20110811,20110811,30075.0,20110811,229.0,60.0,137.0,0.0,0.93508804,106.333
163,15.225,C,45.41166667,-106.01916667,20150716,20150719,30075.0,20150718,244.0,100.0,177.0,0.0,5.699232,103.75
164,0.8333333333333334,B,45.0642,-105.985,20130815,20130817,30075.0,20130817,339.0,117.0,255.0,0.0,1.3601538,80.25
165,0.05,A,45.30093,-106.17605,20140722,20140723,30075.0,20140723,294.0,102.0,191.0,0.0,2.507276,101.0
166,0.0575757575757575,B,45.6331,-106.0253,20140812,20140913,30075.0,20140901,120.0,34.0,65.0,51.0,4.1048813,88.25
167,8.333333333333334,C,45.26092,-106.19958,20140721,20140723,30075.0,20140723,294.0,102.0,191.0,0.0,2.507276,101.0
168,0.0575757575757575,B,45.6331,-106.0253,20140812,20140913,30075.0,20140909,153.0,31.0,93.0,0.0,5.537952400000001,88.25
169,1.2,B,45.718,-106.0008,20140720,20140721,30075.0,20140721,249.0,90.0,164.0,0.0,2.5836658,101.0
170,20.6,D,45.1468,-105.90458,20140807,20140811,30075.0,20140810,209.0,70.0,130.0,25.0,2.1541488,104.0
171,0.1,A,45.32666667,-106.16694444,20150826,20150826,30075.0,20150826,211.0,103.0,151.0,0.0,0.50621146,86.0
172,0.1,A,45.62732,-106.10457,20140926,20140926,30075.0,20140926,344.0,72.0,195.0,0.0,1.9365964,78.25
173,6.9,C,45.3325,-106.2191,20130909,20130911,30075.0,20130910,173.0,36.0,96.0,0.0,0.26248458,61.8
174,38.25,D,45.02013,-105.93338,20140907,20140912,30075.0,20140909,153.0,31.0,93.0,0.0,5.537952400000001,88.25
175,1.65,B,45.40607,-106.09838,20130809,20130810,30075.0,20130809,154.0,65.0,101.0,51.0,1.9085027,84.75
176,1.56,C,45.6333,-106.2167,20140715,20140724,30075.0,20140723,294.0,102.0,191.0,0.0,2.507276,101.0
177,20.6,D,45.1468,-105.90458,20140807,20140811,30075.0,20140808,185.0,69.0,122.0,0.0,1.4727126,104.0
178,0.8333333333333334,B,45.0642,-105.985,20130815,20130817,30075.0,20130816,284.0,97.0,182.0,0.0,3.4203637,80.25
179,20.6,D,45.1468,-105.90458,20140807,20140811,30075.0,20140809,151.0,57.0,93.0,0.0,0.81786567,104.0
180,20.6,D,45.1468,-105.90458,20140807,20140811,30075.0,20140811,243.0,90.0,159.0,0.0,2.0180376,104.0
181,4.7,B,45.19517,-105.75383,20140723,20140724,30075.0,20140723,294.0,102.0,191.0,0.0,2.507276,101.0
182,38.25,D,45.02013,-105.93338,20140907,20140912,30075.0,20140908,205.0,47.0,126.0,0.0,1.9039365,88.25
183,279.5,D,45.1672,-106.0183,20150728,20150728,30075.0,20150728,138.0,21.0,74.0,0.0,7.5804024,62.2
184,0.2,A,45.4047222,-105.976944,20100809,20100809,30075.0,20100809,220.0,72.0,140.0,0.0,2.821794,138.667
185,0.0575757575757575,B,45.6331,-106.0253,20140812,20140913,30075.0,20140908,205.0,47.0,126.0,0.0,1.9039365,88.25
186,0.05,A,45.30093,-106.17605,20140722,20140723,30075.0,20140722,229.0,80.0,163.0,51.0,2.383046,101.0
187,7.6,C,45.06323,-105.96988,20150913,20150914,30075.0,20150914,199.0,89.0,141.0,0.0,2.1708293,68.0
188,9.0,B,45.30698,-105.88875,20120716,20120716,30075.0,20120716,231.0,125.0,169.0,178.0,2.8044615,90.0
189,0.0575757575757575,B,45.6331,-106.0253,20140812,20140913,30075.0,20140830,179.0,61.0,116.0,51.0,3.149408,88.25
190,635.9555555555556,G,45.03033,-106.1219,20150711,20150719,30075.0,20150716,204.0,49.0,130.0,0.0,2.8783677000000005,103.75
191,1.56,C,45.6333,-106.2167,20140715,20140724,30075.0,20140722,229.0,80.0,163.0,51.0,2.383046,101.0
192,2.6333333333333333,B,45.47257,-106.08653,20140719,20140721,30075.0,20140721,249.0,90.0,164.0,0.0,2.5836658,101.0
193,0.9,B,45.7525,-106.03361111,20150715,20150716,30075.0,20150716,204.0,49.0,130.0,0.0,2.8783677000000005,103.75
194,0.0575757575757575,B,45.6331,-106.0253,20140812,20140913,30075.0,20140831,81.0,23.0,47.0,0.0,2.6439414,88.25
195,0.0575757575757575,B,45.6331,-106.0253,20140812,20140913,30075.0,20140902,272.0,61.0,148.0,0.0,3.8104239,88.25
196,8.333333333333334,C,45.26092,-106.19958,20140721,20140723,30075.0,20140722,229.0,80.0,163.0,51.0,2.383046,101.0
197,22.16,D,45.25444444,-106.18611111,20150711,20150715,30075.0,20150714,200.0,60.0,127.0,25.0,2.0871632,103.75
198,15.225,C,45.41166667,-106.01916667,20150716,20150719,30075.0,20150717,156.0,52.0,93.0,0.0,3.5320852,103.75
199,7.640000000000001,C,45.39007,-106.2109,20130906,20130910,30075.0,20130908,256.0,144.0,209.0,38.0,0.75953853,77.5
200,0.0575757575757575,B,45.6331,-106.0253,20140812,20140913,30075.0,20140907,190.0,53.0,109.0,0.0,2.3754826,88.25
201,73.33333333333333,D,45.36822,-105.76095,20140719,20140721,30075.0,20140721,249.0,90.0,164.0,0.0,2.5836658,101.0
202,7.0,C,45.472717,-105.91165,20130824,20130827,30075.0,20130826,350.0,167.0,250.0,0.0,1.4599283,80.25
203,732.6,F,45.0319,-105.6753,20101102,20101103,30075.0,20101102,120.0,-8.0,52.0,0.0,5.571524,66.2
204,7.6,C,45.06323,-105.96988,20150913,20150914,30075.0,20150913,228.0,67.0,149.0,0.0,2.5373461,68.0
205,5.05,C,45.4506,-105.9347,20130824,20130827,30075.0,20130826,350.0,167.0,250.0,0.0,1.4599283,80.25
206,1.56,C,45.6333,-106.2167,20140715,20140724,30075.0,20140721,249.0,90.0,164.0,0.0,2.5836658,101.0
207,0.4,B,45.23263,-105.99383,20120825,20120825,30075.0,20120825,203.0,18.0,115.0,0.0,6.715091,73.25
208,1.56,C,45.6333,-106.2167,20140715,20140724,30075.0,20140718,229.0,81.0,151.0,0.0,1.7819682,101.0
209,6.9,C,45.3325,-106.2191,20130909,20130911,30075.0,20130909,145.0,38.0,82.0,0.0,1.8411345,61.8
210,3.25,B,45.3318,-105.9935,20140717,20140718,30075.0,20140718,229.0,81.0,151.0,0.0,1.7819682,101.0
211,0.75,B,45.46187,-106.22845,20130729,20130730,30075.0,20130729,250.0,100.0,183.0,3.0,2.284727,96.75
212,1.4,B,45.71545,-105.92942,20120828,20120828,30075.0,20120828,277.0,116.0,186.0,0.0,1.1047561,73.25
213,13.833333333333334,C,45.0022,-105.82793,20150724,20150726,30075.0,20150725,224.0,101.0,155.0,0.0,1.1845357,62.2
214,68.45,D,45.17052,-106.1873,20140903,20140904,30075.0,20140904,178.0,39.0,134.0,0.0,4.793417,88.25
215,0.3,B,45.78742,-106.12257,20100801,20100801,30075.0,20100801,228.0,108.0,156.0,0.0,1.3509166,122.6
216,0.05,A,45.21708,-106.24545,20140723,20140724,30075.0,20140724,256.0,72.0,182.0,0.0,3.1763008,101.0
217,12.05,C,45.472717,-105.91165,20130824,20130827,30075.0,20130827,333.0,172.0,261.0,0.0,1.0417802,80.25
218,0.6,B,45.47638889,-106.03027778,20150809,20150811,30075.0,20150811,252.0,108.0,175.0,0.0,2.523885700000001,81.75
219,0.0575757575757575,B,45.6331,-106.0253,20140812,20140913,30075.0,20140905,119.0,-8.0,56.0,76.0,2.9306808,88.25
220,635.9555555555556,G,45.03033,-106.1219,20150711,20150719,30075.0,20150718,244.0,100.0,177.0,0.0,5.699232,103.75
221,3.25,B,45.3318,-105.9935,20140717,20140718,30075.0,20140717,322.0,89.0,196.0,0.0,1.2083101,101.0
222,0.75,B,45.46187,-106.22845,20130729,20130730,30075.0,20130730,214.0,78.0,133.0,0.0,1.947434,96.75
223,7.640000000000001,C,45.39007,-106.2109,20130906,20130910,30075.0,20130909,145.0,38.0,82.0,0.0,1.8411345,61.8
224,0.0575757575757575,B,45.6331,-106.0253,20140812,20140913,30075.0,20140825,121.0,9.0,73.0,0.0,4.880827,95.75
225,0.0575757575757575,B,45.6331,-106.0253,20140812,20140913,30075.0,20140826,180.0,61.0,109.0,0.0,2.1068757,95.75
226,4.333333333333333,C,45.25583333,-106.20916667,20150715,20150717,30075.0,20150717,156.0,52.0,93.0,0.0,3.5320852,103.75
227,22.16,D,45.25444444,-106.18611111,20150711,20150715,30075.0,20150711,216.0,94.0,149.0,0.0,5.162969599999999,103.75
228,1.56,C,45.6333,-106.2167,20140715,20140724,30075.0,20140724,256.0,72.0,182.0,0.0,3.1763008,101.0
229,0.0575757575757575,B,45.6331,-106.0253,20140812,20140913,30075.0,20140827,294.0,78.0,172.0,0.0,3.5809808,95.75
230,2.1666666666666665,B,45.0439,-105.8236,20130905,20130907,30075.0,20130907,322.0,150.0,230.0,84.0,1.88664,77.5
231,635.9555555555556,G,45.03033,-106.1219,20150711,20150719,30075.0,20150713,197.0,78.0,139.0,0.0,1.7492856,103.75
232,20.6,D,45.1468,-105.90458,20140807,20140811,30075.0,20140807,198.0,82.0,132.0,0.0,1.4503156,104.0
233,732.6,F,45.0319,-105.6753,20101102,20101103,30075.0,20101103,62.0,-21.0,12.0,0.0,2.9861097,66.2
234,2.7,B,45.63833333,-106.13888889,20150704,20150705,30075.0,20150704,264.0,104.0,184.0,0.0,1.3038404,117.0
235,0.0575757575757575,B,45.6331,-106.0253,20140812,20140913,30075.0,20140904,178.0,39.0,134.0,0.0,4.793417,88.25
236,13.833333333333334,C,45.0022,-105.82793,20150724,20150726,30075.0,20150724,241.0,81.0,155.0,0.0,2.56929,62.2
237,0.05,A,45.6333,-106.2145,20020902,20020903,30075.0,20020903,274.0,95.0,179.0,0.0,2.3415556,12.0
238,1.1,B,45.2575,-105.89833333,20070812,20070813,30075.0,20070813,251.0,111.0,157.0,0.0,1.4009018,122.0
239,0.3333333333333333,B,45.77944444,-106.06472222,20080708,20080710,30075.0,20080709,218.0,61.0,140.0,51.0,2.0229971,131.6
240,3207.85,G,45.1497,-105.8869,20120910,20120915,30075.0,20120911,147.0,-6.0,67.0,0.0,3.1783235,80.5
241,0.0003937007874015,A,45.2317,-105.7497,20120228,20121107,30075.0,20120528,43.0,-23.0,6.0,0.0,4.6519265,96.5
242,0.3333333333333333,B,45.77944444,-106.06472222,20080708,20080710,30075.0,20080708,158.0,63.0,107.0,0.0,2.8857107,131.6
243,595.2666666666667,G,45.2633,-105.8117,20110822,20110908,30075.0,20110908,174.0,46.0,107.0,0.0,1.7502565,88.25
244,0.75,B,45.45,-106.01888889,20060620,20060621,30075.0,20060620,201.0,32.0,107.0,0.0,3.6716306,144.5
245,3.5,B,45.1594,-106.0139,20070812,20070812,30075.0,20070812,276.0,78.0,186.0,0.0,4.799519,122.0
246,1.0,B,45.6125,-105.8647,20040621,20040623,30075.0,20040622,261.0,44.0,156.0,0.0,2.7285638,141.0
247,0.0003937007874015,A,45.2317,-105.7497,20120228,20121107,30075.0,20120523,62.0,-16.0,23.0,25.0,7.2851186,96.5
248,0.15,B,45.61055556,-105.95805556,20090901,20090902,30075.0,20090902,234.0,68.0,138.0,0.0,0.99645114,86.6
249,595.2666666666667,G,45.2633,-105.8117,20110822,20110908,30075.0,20110905,208.0,55.0,128.0,0.0,2.2032673,88.25
250,0.0003937007874015,A,45.2317,-105.7497,20120228,20121107,30075.0,20120806,290.0,105.0,189.0,0.0,0.68006676,75.6
252,9.1,C,45.2025,-106.03583333,20070725,20070727,30075.0,20070726,156.0,103.0,135.0,25.0,2.673006,194.5
254,0.0107142857142857,B,45.0242,-105.8686,20120831,20120927,30075.0,20120911,147.0,-6.0,67.0,0.0,3.1783235,80.5
255,48.23076923076923,E,45.26575,-105.94575,20070813,20070825,30075.0,20070813,251.0,111.0,157.0,0.0,1.4009018,122.0
256,1.0,B,45.7428,-106.0225,20120821,20120822,30075.0,20120821,239.0,86.0,155.0,0.0,1.0650896,68.4
257,91.83333333333336,E,45.0736,-105.5483,20070725,20070730,30075.0,20070727,185.0,94.0,128.0,0.0,2.9934745,194.5
258,63.333333333333336,E,45.47422,-105.98005,20120902,20120907,30075.0,20120906,135.0,12.0,74.0,0.0,1.4818928,80.5
259,9.1,C,45.2025,-106.03583333,20070725,20070727,30075.0,20070727,185.0,94.0,128.0,0.0,2.9934745,194.5
260,0.0003937007874015,A,45.2317,-105.7497,20120228,20121107,30075.0,20120821,239.0,86.0,155.0,0.0,1.0650896,68.4
261,1.75,B,45.48277778,-106.0575,20090813,20090816,30075.0,20090815,83.0,26.0,60.0,102.0,2.8182285,118.4
262,304.5444444444445,G,45.7678,-106.0681,20110822,20110908,30075.0,20110904,188.0,-10.0,90.0,51.0,1.7249074,88.25
264,57.0,E,45.27805556,-106.07722222,20070812,20070818,30075.0,20070812,276.0,78.0,186.0,0.0,4.799519,122.0
266,5.8,C,45.7427,-106.02258,20120821,20120823,30075.0,20120821,239.0,86.0,155.0,0.0,1.0650896,68.4
267,1.0,B,45.6125,-105.8647,20040621,20040623,30075.0,20040621,126.0,38.0,72.0,76.0,4.0183883,141.0
268,1.1,B,45.2575,-105.89833333,20070812,20070813,30075.0,20070812,276.0,78.0,186.0,0.0,4.799519,122.0
269,304.5444444444445,G,45.7678,-106.0681,20110822,20110908,30075.0,20110908,174.0,46.0,107.0,0.0,1.7502565,88.25
270,0.32,B,45.26611111,-106.13638889,20090814,20090818,30075.0,20090815,83.0,26.0,60.0,102.0,2.8182285,118.4
271,5.0,C,45.17833333,-105.97333333,20070812,20070816,30075.0,20070812,276.0,78.0,186.0,0.0,4.799519,122.0
273,595.2666666666667,G,45.2633,-105.8117,20110822,20110908,30075.0,20110904,188.0,-10.0,90.0,51.0,1.7249074,88.25
274,0.0003937007874015,A,45.2317,-105.7497,20120228,20121107,30075.0,20120906,135.0,12.0,74.0,0.0,1.4818928,80.5
275,1.0,B,45.6125,-105.8647,20040621,20040623,30075.0,20040623,195.0,32.0,113.0,0.0,0.8949355999999999,141.0
276,0.525,B,45.5875,-105.92083333,20090901,20090904,30075.0,20090902,234.0,68.0,138.0,0.0,0.99645114,86.6
277,304.5444444444445,G,45.7678,-106.0681,20110822,20110908,30075.0,20110907,175.0,46.0,103.0,0.0,1.86077,88.25
278,1.5,B,45.3908,-105.7564,20070725,20070726,30075.0,20070725,188.0,122.0,156.0,0.0,3.9021611,194.5
279,18.6,C,45.5112,-105.3287,20070812,20070812,30075.0,20070812,276.0,78.0,186.0,0.0,4.799519,122.0
280,0.0107142857142857,B,45.0242,-105.8686,20120831,20120927,30075.0,20120905,186.0,18.0,102.0,0.0,3.0402992,80.5
281,91.83333333333336,B,45.3569,-105.7228,20070725,20070727,30075.0,20070725,188.0,122.0,156.0,0.0,3.9021611,194.5
282,63.333333333333336,E,45.47422,-105.98005,20120902,20120907,30075.0,20120905,186.0,18.0,102.0,0.0,3.0402992,80.5
284,2.65,B,45.1522,-106.135,20070725,20070726,30075.0,20070725,188.0,122.0,156.0,0.0,3.9021611,194.5
285,0.0003937007874015,A,45.2317,-105.7497,20120228,20121107,30075.0,20120905,186.0,18.0,102.0,0.0,3.0402992,80.5
286,7708.0,G,45.5272,-105.6947,20070812,20070812,30075.0,20070812,276.0,78.0,186.0,0.0,4.799519,122.0
287,0.75,B,45.45,-106.01888889,20060620,20060621,30075.0,20060621,131.0,1.0,70.0,76.0,6.3495550000000005,144.5
288,63.333727034120734,A,45.2317,-105.7497,20120228,20121107,30075.0,20120904,182.0,22.0,100.0,0.0,2.5702996,80.5
289,595.2666666666667,G,45.2633,-105.8117,20110822,20110908,30075.0,20110828,233.0,127.0,168.0,25.0,1.0377437,88.25
290,2.08,C,45.0156,-105.7925,20120831,20120904,30075.0,20120904,182.0,22.0,100.0,0.0,2.5702996,80.5
292,1.5,B,45.6253,-105.2164,20120802,20120803,30075.0,20120803,124.0,8.0,56.0,0.0,3.5931284,75.6
293,595.2666666666667,G,45.2633,-105.8117,20110822,20110908,30075.0,20110907,175.0,46.0,103.0,0.0,1.86077,88.25
294,304.5444444444445,G,45.7678,-106.0681,20110822,20110908,30075.0,20110906,154.0,54.0,109.0,0.0,1.520686,88.25
296,0.0003937007874015,A,45.2317,-105.7497,20120228,20121107,30075.0,20120529,142.0,9.0,71.0,0.0,1.8034711,96.5
298,4.15,B,45.3908,-105.7564,20070725,20070726,30075.0,20070726,156.0,103.0,135.0,25.0,2.673006,194.5
299,0.0003937007874015,A,45.2317,-105.7497,20120228,20121107,30075.0,20120530,68.0,20.0,43.0,0.0,0.9501489,96.5
300,3.333333333333333,C,45.26138889,-106.19916667,20060623,20060625,30075.0,20060625,169.0,14.0,98.0,0.0,0.6836005,144.5
301,1.0,B,45.225,-105.5483,20060521,20060522,30075.0,20060521,208.0,41.0,124.0,0.0,0.93022305,144.5
302,1.1666666666666667,B,45.3569,-105.7228,20070725,20070727,30075.0,20070726,156.0,103.0,135.0,25.0,2.673006,194.5
303,304.5444444444445,G,45.7678,-106.0681,20110822,20110908,30075.0,20110828,233.0,127.0,168.0,25.0,1.0377437,88.25
304,90.66666666666669,E,45.0736,-105.5483,20070725,20070730,30075.0,20070726,156.0,103.0,135.0,25.0,2.673006,194.5
305,0.1,A,45.63055556,-106.17222222,20070725,20070725,30075.0,20070725,188.0,122.0,156.0,0.0,3.9021611,194.5
306,0.0107142857142857,B,45.0242,-105.8686,20120831,20120927,30075.0,20120906,135.0,12.0,74.0,0.0,1.4818928,80.5
307,0.7000000000000001,B,45.39388889,-106.26083333,20090901,20090903,30075.0,20090902,234.0,68.0,138.0,0.0,0.99645114,86.6
308,2.2666666666666666,B,45.65805556,-106.11944444,20060620,20060622,30075.0,20060621,131.0,1.0,70.0,76.0,6.3495550000000005,144.5
309,595.2666666666667,G,45.2633,-105.8117,20110822,20110908,30075.0,20110906,154.0,54.0,109.0,0.0,1.520686,88.25
310,9.1,C,45.2025,-106.03583333,20070725,20070727,30075.0,20070725,188.0,122.0,156.0,0.0,3.9021611,194.5
311,3.0,B,45.5031,-105.4142,20070724,20070724,30075.0,20070724,294.0,147.0,222.0,0.0,2.709575,194.5
312,0.0003937007874015,A,45.2317,-105.7497,20120228,20121107,30075.0,20120822,225.0,97.0,160.0,0.0,2.1400928,68.4
313,304.5444444444445,G,45.7678,-106.0681,20110822,20110908,30075.0,20110905,208.0,55.0,128.0,0.0,2.2032673,88.25
314,304.5444444444445,G,45.7678,-106.0681,20110822,20110908,30075.0,20110903,127.0,9.0,58.0,0.0,6.254543,88.25
315,2.2666666666666666,B,45.65805556,-106.11944444,20060620,20060622,30075.0,20060622,180.0,21.0,100.0,25.0,2.2401803,144.5
316,0.0003937007874015,A,45.2317,-105.7497,20120228,20121107,30075.0,20120820,248.0,96.0,165.0,0.0,1.0830045,68.4
317,5.0,C,45.26138889,-106.19916667,20060623,20060625,30075.0,20060623,181.0,34.0,96.0,0.0,1.4761139,144.5
318,1.1,B,45.6624,-106.1009,20110830,20110901,30075.0,20110831,245.0,70.0,152.0,0.0,2.2770605,88.25
319,0.1,A,45.6075,-106.0383,20040505,20040505,30075.0,20040505,169.0,71.0,115.0,0.0,3.342656,124.0
320,3207.85,G,45.1497,-105.8869,20120910,20120915,30075.0,20120910,216.0,51.0,137.0,0.0,4.221212,80.5
321,450.0,F,45.65083333,-106.14111111,20040505,20040508,30075.0,20040505,169.0,71.0,115.0,0.0,3.342656,124.0
322,0.05,A,45.6333,-106.2145,20020902,20020903,30075.0,20020902,185.0,32.0,112.0,0.0,1.4557829,12.0
323,0.0003937007874015,A,45.2317,-105.7497,20120228,20121107,30075.0,20120908,180.0,25.0,100.0,0.0,1.0650896,80.5
324,450.0,F,45.65083333,-106.14111111,20040505,20040508,30075.0,20040506,180.0,53.0,113.0,0.0,1.7002616000000002,124.0
325,450.0,F,45.65083333,-106.14111111,20040505,20040508,30075.0,20040507,171.0,50.0,102.0,0.0,1.6368548,124.0
326,0.0107142857142857,B,45.0242,-105.8686,20120831,20120927,30075.0,20120908,180.0,25.0,100.0,0.0,1.0650896,80.5
327,1.0,B,45.1011,-106.3073,20040508,20040509,30075.0,20040508,187.0,26.0,110.0,0.0,3.4883227,124.0
328,0.0003937007874015,A,45.2317,-105.7497,20120228,20121107,30075.0,20120910,216.0,51.0,137.0,0.0,4.221212,80.5
329,1.9,B,45.631,-106.10287,20110830,20110901,30075.0,20110830,234.0,82.0,150.0,0.0,2.3890045,88.25
330,7.5,C,45.1522,-106.112,20040508,20040509,30075.0,20040508,187.0,26.0,110.0,0.0,3.4883227,124.0
331,0.0003937007874015,A,45.2317,-105.7497,20120228,20121107,30075.0,20120524,42.0,-34.0,-2.0,0.0,4.2720084,96.5
332,8.5,C,45.1522,-106.112,20040508,20040509,30075.0,20040509,211.0,67.0,139.0,0.0,4.2086263,124.0
334,23.075,C,45.36237,-106.20773,20110830,20110902,30075.0,20110901,121.0,32.0,81.0,0.0,4.315662400000001,88.25
335,1.1,B,45.6624,-106.1009,20110830,20110901,30075.0,20110830,234.0,82.0,150.0,0.0,2.3890045,88.25
336,0.32,B,45.26611111,-106.13638889,20090814,20090818,30075.0,20090816,123.0,22.0,73.0,0.0,5.3068705000000005,118.4
337,450.0,F,45.65083333,-106.14111111,20040505,20040508,30075.0,20040508,187.0,26.0,110.0,0.0,3.4883227,124.0
338,0.025,A,45.18833333,-106.19361111,20070808,20070811,30075.0,20070811,198.0,68.0,129.0,0.0,3.7606523,122.0
339,2.333333333333333,B,45.47507,-106.06582,20110831,20110902,30075.0,20110831,245.0,70.0,152.0,0.0,2.2770605,88.25
341,0.025,A,45.18833333,-106.19361111,20070808,20070811,30075.0,20070809,259.0,92.0,171.0,0.0,1.3193907,122.0
342,0.15,B,45.37611111,-105.91388889,20070808,20070809,30075.0,20070808,203.0,65.0,131.0,0.0,3.30341,194.5
343,23.075,C,45.36237,-106.20773,20110830,20110902,30075.0,20110830,234.0,82.0,150.0,0.0,2.3890045,88.25
344,0.025,A,45.18833333,-106.19361111,20070808,20070811,30075.0,20070808,203.0,65.0,131.0,0.0,3.30341,194.5
345,595.2666666666667,G,45.2633,-105.8117,20110822,20110908,30075.0,20110830,234.0,82.0,150.0,0.0,2.3890045,88.25
346,1.0,B,45.6322,-105.8694,20070808,20070808,30075.0,20070808,203.0,65.0,131.0,0.0,3.30341,194.5
347,0.0003937007874015,A,45.2317,-105.7497,20120228,20121107,30075.0,20120909,237.0,75.0,156.0,0.0,4.0107107000000015,80.5
348,1.6333333333333335,B,45.7178,-105.9644,20110830,20110901,30075.0,20110830,234.0,82.0,150.0,0.0,2.3890045,88.25
349,0.025,A,45.18833333,-106.19361111,20070808,20070811,30075.0,20070810,259.0,102.0,175.0,0.0,2.7536242000000004,122.0
350,1.6333333333333335,B,45.7178,-105.9644,20110830,20110901,30075.0,20110831,245.0,70.0,152.0,0.0,2.2770605,88.25
352,1.9,B,45.631,-106.10287,20110830,20110901,30075.0,20110831,245.0,70.0,152.0,0.0,2.2770605,88.25
354,0.1,A,45.65944444,-106.21111111,20090901,20090901,30075.0,20090901,162.0,65.0,104.0,0.0,2.5480347,86.6
355,304.5444444444445,G,45.7678,-106.0681,20110822,20110908,30075.0,20110831,245.0,70.0,152.0,0.0,2.2770605,88.25
356,1.6666666666666667,B,45.0908,-105.8547,20060621,20060623,30075.0,20060622,180.0,21.0,100.0,25.0,2.2401803,144.5
357,0.1,A,45.69861111,-105.97416667,20090901,20090901,30075.0,20090901,162.0,65.0,104.0,0.0,2.5480347,86.6
358,0.0107142857142857,B,45.0242,-105.8686,20120831,20120927,30075.0,20120910,216.0,51.0,137.0,0.0,4.221212,80.5
359,0.0107142857142857,B,45.0242,-105.8686,20120831,20120927,30075.0,20120909,237.0,75.0,156.0,0.0,4.0107107000000015,80.5
360,0.0003937007874015,A,45.2317,-105.7497,20120228,20121107,30075.0,20120525,14.0,-9.0,-2.0,178.0,2.0181432,96.5
361,23.075,C,45.36237,-106.20773,20110830,20110902,30075.0,20110831,245.0,70.0,152.0,0.0,2.2770605,88.25
363,595.2666666666667,G,45.2633,-105.8117,20110822,20110908,30075.0,20110831,245.0,70.0,152.0,0.0,2.2770605,88.25
364,1.34,B,45.24361111,-106.07944444,20070812,20070816,30075.0,20070812,276.0,78.0,186.0,0.0,4.799519,122.0
365,2.333333333333333,B,45.47507,-106.06582,20110831,20110902,30075.0,20110901,121.0,32.0,81.0,0.0,4.315662400000001,88.25
366,5.8,C,45.7427,-106.02258,20120821,20120823,30075.0,20120822,225.0,97.0,160.0,0.0,2.1400928,68.4
367,0.0107142857142857,B,45.0242,-105.8686,20120831,20120927,30075.0,20120907,150.0,6.0,69.0,0.0,2.7073941,80.5
369,2.333333333333333,B,45.47507,-106.06582,20110831,20110902,30075.0,20110902,203.0,8.0,99.0,0.0,4.1382365,88.25
370,0.0003937007874015,A,45.2317,-105.7497,20120228,20121107,30075.0,20120907,150.0,6.0,69.0,0.0,2.7073941,80.5
372,107.14285714285714,F,45.0517,-105.9883,20070812,20070825,30075.0,20070812,276.0,78.0,186.0,0.0,4.799519,122.0
373,63.333333333333336,E,45.47422,-105.98005,20120902,20120907,30075.0,20120907,150.0,6.0,69.0,0.0,2.7073941,80.5
374,0.0003937007874015,A,45.2317,-105.7497,20120228,20121107,30075.0,20120527,71.0,-16.0,10.0,25.0,4.832764,96.5
375,0.05,A,45.7167,-106.0056,20110901,20110902,30075.0,20110902,203.0,8.0,99.0,0.0,4.1382365,88.25
378,0.7000000000000001,B,45.39388889,-106.26083333,20090901,20090903,30075.0,20090901,162.0,65.0,104.0,0.0,2.5480347,86.6
379,1073.3,G,45.25194444,-106.23916667,20070812,20070821,30075.0,20070812,276.0,78.0,186.0,0.0,4.799519,122.0
380,595.2666666666667,G,45.2633,-105.8117,20110822,20110908,30075.0,20110902,203.0,8.0,99.0,0.0,4.1382365,88.25
381,0.15,B,45.37611111,-105.91388889,20070808,20070809,30075.0,20070809,259.0,92.0,171.0,0.0,1.3193907,122.0
382,0.15,B,45.61055556,-105.95805556,20090901,20090902,30075.0,20090901,162.0,65.0,104.0,0.0,2.5480347,86.6
383,304.5444444444445,G,45.7678,-106.0681,20110822,20110908,30075.0,20110902,203.0,8.0,99.0,0.0,4.1382365,88.25
384,595.2666666666667,G,45.2633,-105.8117,20110822,20110908,30075.0,20110903,127.0,9.0,58.0,0.0,6.254543,88.25
387,3.08,C,45.1064,-105.5917,20060625,20060629,30075.0,20060625,169.0,14.0,98.0,0.0,0.6836005,144.5
388,90.66666666666669,E,45.0736,-105.5483,20070725,20070730,30075.0,20070728,253.0,69.0,161.0,0.0,3.8129241,194.5
389,90.66666666666669,E,45.0736,-105.5483,20070725,20070730,30075.0,20070729,227.0,94.0,161.0,0.0,2.9811826,194.5
390,304.5444444444445,G,45.7678,-106.0681,20110822,20110908,30075.0,20110830,234.0,82.0,150.0,0.0,2.3890045,88.25
391,17.142857142857142,D,45.3242,-105.6256,20070812,20070825,30075.0,20070812,276.0,78.0,186.0,0.0,4.799519,122.0
392,90.66666666666669,E,45.0736,-105.5483,20070725,20070730,30075.0,20070730,238.0,108.0,170.0,0.0,3.3001394,194.5
393,306.44444444444446,B,45.631,-106.10287,20110830,20110901,30075.0,20110901,121.0,32.0,81.0,0.0,4.315662400000001,88.25
394,1.75,B,45.48277778,-106.0575,20090813,20090816,30075.0,20090816,123.0,22.0,73.0,0.0,5.3068705000000005,118.4
395,595.2666666666667,G,45.2633,-105.8117,20110822,20110908,30075.0,20110829,228.0,76.0,146.0,0.0,3.1542597000000003,88.25
396,0.0003937007874015,A,45.2317,-105.7497,20120228,20121107,30075.0,20120526,40.0,-2.0,21.0,102.0,4.752792,96.5
397,1.1,B,45.6624,-106.1009,20110830,20110901,30075.0,20110901,121.0,32.0,81.0,0.0,4.315662400000001,88.25
399,3.333333333333333,C,45.26138889,-106.19916667,20060623,20060625,30075.0,20060624,159.0,19.0,88.0,0.0,3.5220492,144.5
400,1.6666666666666667,B,45.0908,-105.8547,20060621,20060623,30075.0,20060621,131.0,1.0,70.0,76.0,6.3495550000000005,144.5
402,0.1,A,45.58805556,-105.93694444,20050823,20050823,30075.0,20050823,200.0,81.0,121.0,0.0,2.2461193,135.5
404,596.9499999999999,B,45.7178,-105.9644,20110830,20110901,30075.0,20110901,121.0,32.0,81.0,0.0,4.315662400000001,88.25
405,0.0003937007874015,A,45.2317,-105.7497,20120228,20121107,30075.0,20120805,258.0,56.0,164.0,0.0,1.0783733,75.6
406,23.075,C,45.36237,-106.20773,20110830,20110902,30075.0,20110902,203.0,8.0,99.0,0.0,4.1382365,88.25
407,0.0003937007874015,A,45.2317,-105.7497,20120228,20121107,30075.0,20120804,188.0,22.0,107.0,25.0,3.5257459000000004,75.6
408,0.5,B,45.58416667,-105.94277778,20050823,20050823,30075.0,20050823,200.0,81.0,121.0,0.0,2.2461193,135.5
409,0.0003937007874015,A,45.2317,-105.7497,20120228,20121107,30075.0,20120911,147.0,-6.0,67.0,0.0,3.1783235,80.5
410,304.5444444444445,G,45.7678,-106.0681,20110822,20110908,30075.0,20110829,228.0,76.0,146.0,0.0,3.1542597000000003,88.25
411,0.05,A,45.36861111,-106.26083333,20090831,20090901,30075.0,20090901,162.0,65.0,104.0,0.0,2.5480347,86.6
412,15.0,C,45.6264,-106.2217,20050904,20050904,30075.0,20050904,219.0,95.0,151.0,0.0,1.5749272,135.5
413,0.525,B,45.5875,-105.92083333,20090901,20090904,30075.0,20090901,162.0,65.0,104.0,0.0,2.5480347,86.6
415,0.0107142857142857,B,45.0242,-105.8686,20120831,20120927,30075.0,20120904,182.0,22.0,100.0,0.0,2.5702996,80.5
417,192.5,E,45.063,-105.988,20120830,20120902,30075.0,20120830,230.0,94.0,158.0,0.0,2.347534,73.25
418,0.05,A,45.2675,-106.13638889,20090906,20090907,30075.0,20090906,220.0,101.0,152.0,0.0,3.4956074,86.6
419,0.0003937007874015,A,45.2317,-105.7497,20120228,20121107,30075.0,20120824,240.0,11.0,139.0,0.0,3.4917772000000005,73.25
420,1.5,B,45.22861111,-106.00833333,20080621,20080621,30075.0,20080621,214.0,63.0,139.0,0.0,0.08944135,81.667
421,3.35,B,45.47694444,-106.00583333,20090813,20090814,30075.0,20090813,266.0,100.0,178.0,0.0,1.7645919,118.4
422,1.1,B,45.66555556,-105.96611111,20050823,20050825,30075.0,20050825,150.0,25.0,77.0,25.0,2.4596748,135.5
424,0.0003937007874015,A,45.2317,-105.7497,20120228,20121107,30075.0,20120829,261.0,96.0,180.0,0.0,2.8960857000000004,73.25
425,0.525,B,45.5875,-105.92083333,20090901,20090904,30075.0,20090904,215.0,76.0,138.0,0.0,0.27459204,86.6
426,0.05,A,45.27388889,-106.20027778,20090906,20090907,30075.0,20090906,220.0,101.0,152.0,0.0,3.4956074,86.6
430,5.996666666666666,C,45.1064,-105.5917,20060625,20060629,30075.0,20060627,221.0,38.0,130.0,0.0,2.4216514,144.5
431,0.45,B,45.033358,-105.850011,20090905,20090906,30075.0,20090906,220.0,101.0,152.0,0.0,3.4956074,86.6
432,0.0003937007874015,A,45.2317,-105.7497,20120228,20121107,30075.0,20120825,203.0,18.0,115.0,0.0,6.715091,73.25
433,2.5,B,45.2933,-105.3661,20040722,20040722,30075.0,20040722,124.0,74.0,95.0,25.0,3.6378226,240.0
434,0.0003937007874015,A,45.2317,-105.7497,20120228,20121107,30075.0,20120603,170.0,82.0,119.0,0.0,4.2989297,96.5
436,0.0003937007874015,A,45.2317,-105.7497,20120228,20121107,30075.0,20120830,230.0,94.0,158.0,0.0,2.347534,73.25
438,3.3,B,45.8361,-105.7872,20090907,20090907,30075.0,20090907,191.0,62.0,115.0,0.0,1.241688,86.6
439,192.5,E,45.063,-105.988,20120830,20120902,30075.0,20120901,194.0,72.0,140.0,0.0,3.3969620000000003,73.25
446,0.05,A,45.16678,-106.20022,20090908,20090909,30075.0,20090908,140.0,5.0,68.0,0.0,3.4213057,70.0
447,0.0003937007874015,A,45.2317,-105.7497,20120228,20121107,30075.0,20120801,221.0,92.0,156.0,0.0,0.55172354,86.75
449,2.7333333333333334,B,45.26027778,-105.92305556,20090908,20090910,30075.0,20090908,140.0,5.0,68.0,0.0,3.4213057,70.0
451,84.66,E,45.37083333,-106.24166667,20050807,20050811,30075.0,20050807,231.0,127.0,163.0,0.0,1.8527071,165.0
455,192.51110798650168,A,45.2317,-105.7497,20120228,20121107,30075.0,20120831,245.0,133.0,187.0,0.0,2.779733,73.25
456,0.05,A,45.2675,-106.13638889,20090906,20090907,30075.0,20090907,191.0,62.0,115.0,0.0,1.241688,86.6
457,5.663333333333334,B,45.0348,-105.77587,20120831,20120902,30075.0,20120831,245.0,133.0,187.0,0.0,2.779733,73.25
458,0.05,A,45.27388889,-106.20027778,20090906,20090907,30075.0,20090907,191.0,62.0,115.0,0.0,1.241688,86.6
460,0.0003937007874015,A,45.2317,-105.7497,20120228,20121107,30075.0,20120901,194.0,72.0,140.0,0.0,3.3969620000000003,73.25
464,0.4,B,45.3272,-105.61,20020824,20020825,30075.0,20020824,157.0,54.0,101.0,0.0,2.1266458,12.0
466,1.3333333333333333,B,45.7653,-106.1067,20020823,20020825,30075.0,20020824,157.0,54.0,101.0,0.0,2.1266458,12.0
468,0.0003937007874015,A,45.2317,-105.7497,20120228,20121107,30075.0,20120604,250.0,76.0,160.0,0.0,1.7240881,96.5
473,0.0003937007874015,A,45.2317,-105.7497,20120228,20121107,30075.0,20120826,250.0,38.0,147.0,0.0,2.9760592,73.25
476,0.0003937007874015,A,45.2317,-105.7497,20120228,20121107,30075.0,20120605,240.0,112.0,181.0,0.0,7.3721414,96.5
477,0.25,B,45.57416667,-105.93305556,20050823,20050824,30075.0,20050823,200.0,81.0,121.0,0.0,2.2461193,135.5
478,483.9,F,45.16666667,-106.09166667,20040801,20040807,30075.0,20040801,246.0,85.0,164.0,0.0,1.7186389,240.0
479,0.8,B,45.64062,-105.93892,20120826,20120827,30075.0,20120826,250.0,38.0,147.0,0.0,2.9760592,73.25
480,112.48333333333332,B,45.2597,-106.5162,20040801,20040802,30075.0,20040801,246.0,85.0,164.0,0.0,1.7186389,240.0
481,483.9,F,45.16666667,-106.09166667,20040801,20040807,30075.0,20040802,247.0,93.0,169.0,0.0,2.934701,240.0
482,0.0003937007874015,A,45.2317,-105.7497,20120228,20121107,30075.0,20120730,267.0,103.0,182.0,0.0,2.4274516,86.75
483,108.48333333333332,B,45.2597,-106.5162,20040801,20040802,30075.0,20040802,247.0,93.0,169.0,0.0,2.934701,240.0
484,0.5,B,45.2458,-105.7772,20020824,20020824,30075.0,20020824,157.0,54.0,101.0,0.0,2.1266458,12.0
485,0.05,A,45.04914,-105.85639,20090905,20090906,30075.0,20090905,227.0,85.0,147.0,25.0,2.2303388,86.6
486,0.8,B,45.64062,-105.93892,20120826,20120827,30075.0,20120827,272.0,120.0,189.0,0.0,1.1317288,73.25
491,0.0003937007874015,A,45.2317,-105.7497,20120228,20121107,30075.0,20120731,259.0,120.0,186.0,0.0,1.552062,86.75
492,245.45454545454547,F,45.44833333,-105.95527778,20050822,20050901,30075.0,20050825,150.0,25.0,77.0,25.0,2.4596748,135.5
496,0.7333333333333334,B,45.7653,-106.1067,20020823,20020825,30075.0,20020825,306.0,72.0,189.0,0.0,0.47000122,12.0
497,5.996666666666666,C,45.0003,-105.7517,20060627,20060708,30075.0,20060628,225.0,67.0,135.0,0.0,3.6760511,128.0
503,1.5,B,45.3606,-105.6367,20080624,20080624,30075.0,20080624,217.0,49.0,138.0,0.0,1.2322303999999995,81.667
507,0.4,B,45.033358,-105.850011,20090905,20090906,30075.0,20090905,227.0,85.0,147.0,25.0,2.2303388,86.6
511,0.0003937007874015,A,45.2317,-105.7497,20120228,20121107,30075.0,20120827,272.0,120.0,189.0,0.0,1.1317288,73.25
512,0.0003937007874015,A,45.2317,-105.7497,20120228,20121107,30075.0,20120828,277.0,116.0,186.0,0.0,1.1047561,73.25
513,0.0107142857142857,B,45.0242,-105.8686,20120831,20120927,30075.0,20120901,194.0,72.0,140.0,0.0,3.3969620000000003,73.25
514,0.0003937007874015,A,45.2317,-105.7497,20120228,20121107,30075.0,20120602,189.0,53.0,114.0,51.0,3.157935,96.5
515,0.45,B,45.41333333,-106.37861111,20070708,20070709,30075.0,20070708,200.0,83.0,128.0,0.0,1.7102564999999998,153.0
516,0.0003937007874015,A,45.2317,-105.7497,20120228,20121107,30075.0,20120823,233.0,90.0,156.0,0.0,1.2903081,73.25
519,0.25,B,45.21638889,-105.98111111,20070716,20070717,30075.0,20070717,244.0,141.0,194.0,0.0,2.372007,177.0
521,0.5,B,45.20138889,-105.99694444,20070715,20070718,30075.0,20070717,244.0,141.0,194.0,0.0,2.372007,177.0
522,3.08,C,45.1064,-105.5917,20060625,20060629,30075.0,20060626,175.0,49.0,112.0,0.0,2.404348,144.5
523,0.15,B,45.20666667,-105.99138889,20070716,20070717,30075.0,20070717,244.0,141.0,194.0,0.0,2.372007,177.0
525,304.55,A,45.2211,-105.9833,20070716,20070717,30075.0,20070717,244.0,141.0,194.0,0.0,2.372007,177.0
526,1.6,B,45.47694444,-106.00583333,20090813,20090814,30075.0,20090814,218.0,50.0,125.0,0.0,2.582786,118.4
527,0.05,A,45.0411,-105.9281,20040704,20040705,30075.0,20040704,128.0,48.0,86.0,0.0,0.5448775,172.5
529,13.25,C,45.2444,-105.4481,20040701,20040704,30075.0,20040704,128.0,48.0,86.0,0.0,0.5448775,172.5
530,2.08,C,45.0156,-105.7925,20120831,20120904,30075.0,20120902,183.0,56.0,112.0,0.0,4.1560125,80.5
531,0.05,A,45.0411,-105.9281,20040704,20040705,30075.0,20040705,97.0,21.0,60.0,51.0,2.3310552,172.5
532,0.05,A,45.2211,-105.9833,20070716,20070717,30075.0,20070716,249.0,105.0,167.0,0.0,2.3393087,177.0
533,0.32,B,45.26611111,-106.13638889,20090814,20090818,30075.0,20090814,218.0,50.0,125.0,0.0,2.582786,118.4
536,192.5,E,45.063,-105.988,20120830,20120902,30075.0,20120902,183.0,56.0,112.0,0.0,4.1560125,80.5
537,0.9,B,45.20666667,-105.99138889,20070716,20070717,30075.0,20070716,249.0,105.0,167.0,0.0,2.3393087,177.0
541,1073.3,G,45.25194444,-106.23916667,20070812,20070821,30075.0,20070813,251.0,111.0,157.0,0.0,1.4009018,122.0
542,84.66,E,45.37083333,-106.24166667,20050807,20050811,30075.0,20050808,238.0,91.0,150.0,0.0,0.35692084,165.0
543,4.0,B,45.5931,-106.2656,20040629,20040629,30075.0,20040629,162.0,33.0,109.0,0.0,1.4258078,141.0
544,0.7000000000000001,B,45.2286,-105.5406,20070718,20070720,30075.0,20070720,269.0,124.0,194.0,25.0,5.4500027,194.5
545,0.0107142857142857,B,45.0242,-105.8686,20120831,20120927,30075.0,20120903,186.0,56.0,119.0,0.0,3.5747616,80.5
546,0.7000000000000001,B,45.2286,-105.5406,20070718,20070720,30075.0,20070719,268.0,108.0,176.0,25.0,6.108258,194.5
548,36.88,C,45.0156,-105.7925,20120831,20120904,30075.0,20120903,186.0,56.0,119.0,0.0,3.5747616,80.5
550,0.5,B,45.20138889,-105.99694444,20070715,20070718,30075.0,20070718,238.0,119.0,172.0,25.0,3.2097478,177.0
551,63.333333333333336,E,45.47422,-105.98005,20120902,20120907,30075.0,20120903,186.0,56.0,119.0,0.0,3.5747616,80.5
552,304.5,E,45.65778,-104.99514,20070717,20070718,30075.0,20070718,238.0,119.0,172.0,25.0,3.2097478,177.0
553,1.5,B,45.32694444,-106.08222222,20070715,20070716,30075.0,20070716,249.0,105.0,167.0,0.0,2.3393087,177.0
554,0.7000000000000001,B,45.2286,-105.5406,20070718,20070720,30075.0,20070718,238.0,119.0,172.0,25.0,3.2097478,177.0
555,0.0003937007874015,A,45.2317,-105.7497,20120228,20121107,30075.0,20120903,186.0,56.0,119.0,0.0,3.5747616,80.5
556,13.25,C,45.2444,-105.4481,20040701,20040704,30075.0,20040701,194.0,63.0,125.0,0.0,3.9752173,172.5
557,245.45454545454547,F,45.44833333,-105.95527778,20050822,20050901,30075.0,20050826,195.0,20.0,110.0,0.0,1.9725314,135.5
558,13.25,C,45.2444,-105.4481,20040701,20040704,30075.0,20040702,196.0,59.0,119.0,0.0,0.5385153,172.5
560,2.0,B,45.3958,-105.9053,20040703,20040703,30075.0,20040703,167.0,48.0,104.0,0.0,1.4816517,172.5
561,1.75,B,45.48277778,-106.0575,20090813,20090816,30075.0,20090814,218.0,50.0,125.0,0.0,2.582786,118.4
563,14.75,B,45.2125,-105.4867,20040703,20040703,30075.0,20040703,167.0,48.0,104.0,0.0,1.4816517,172.5
564,0.0003937007874015,A,45.2317,-105.7497,20120228,20121107,30075.0,20120531,146.0,1.0,81.0,0.0,2.030615,96.5
566,0.0003937007874015,A,45.2317,-105.7497,20120228,20121107,30075.0,20120803,124.0,8.0,56.0,0.0,3.5931284,75.6
569,0.025,A,45.28638889,-106.2175,20070714,20070715,30075.0,20070715,268.0,105.0,189.0,0.0,2.0303924,177.0
570,6.0,C,45.1039,-105.6594,20040711,20040712,30075.0,20040712,223.0,63.0,147.0,0.0,1.7090672999999998,172.5
571,1.96,B,45.48861111,-106.07305556,20070708,20070712,30075.0,20070712,210.0,54.0,137.0,0.0,0.48052302,177.0
572,0.525,B,45.5875,-105.92083333,20090901,20090904,30075.0,20090903,199.0,53.0,122.0,25.0,1.2794139,86.6
573,0.2666666666666666,B,45.20805556,-106.14222222,20090908,20090910,30075.0,20090909,199.0,32.0,116.0,0.0,3.770001,70.0
574,1.96,B,45.48861111,-106.07305556,20070708,20070712,30075.0,20070711,202.0,72.0,132.0,0.0,2.754082,177.0
575,3.0,B,45.1083,-105.6669,20040711,20040712,30075.0,20040712,223.0,63.0,147.0,0.0,1.7090672999999998,172.5
576,0.7000000000000001,B,45.39388889,-106.26083333,20090901,20090903,30075.0,20090903,199.0,53.0,122.0,25.0,1.2794139,86.6
577,2.466666666666667,B,45.26027778,-105.92305556,20090908,20090910,30075.0,20090909,199.0,32.0,116.0,0.0,3.770001,70.0
585,34.800000000000004,D,45.727,-106.017,20120901,20120903,30075.0,20120901,194.0,72.0,140.0,0.0,3.3969620000000003,73.25
586,0.05,A,45.0514,-105.6022,20020617,20020618,30075.0,20020618,194.0,54.0,132.0,0.0,1.9502277,15.0
587,3.4333333333333336,B,45.0348,-105.77587,20120831,20120902,30075.0,20120901,194.0,72.0,140.0,0.0,3.3969620000000003,73.25
588,1.96,B,45.48861111,-106.07305556,20070708,20070712,30075.0,20070710,159.0,43.0,94.0,0.0,3.530204,177.0
589,2.08,C,45.0156,-105.7925,20120831,20120904,30075.0,20120901,194.0,72.0,140.0,0.0,3.3969620000000003,73.25
591,1.96,B,45.48861111,-106.07305556,20070708,20070712,30075.0,20070709,221.0,97.0,161.0,0.0,0.60208356,153.0
592,0.15,B,45.4775,-106.0938,20120831,20120901,30075.0,20120901,194.0,72.0,140.0,0.0,3.3969620000000003,73.25
593,0.45,B,45.41333333,-106.37861111,20070708,20070709,30075.0,20070709,221.0,97.0,161.0,0.0,0.60208356,153.0
594,1.96,B,45.48861111,-106.07305556,20070708,20070712,30075.0,20070708,200.0,83.0,128.0,0.0,1.7102564999999998,153.0
595,0.05,A,45.16678,-106.20022,20090908,20090909,30075.0,20090909,199.0,32.0,116.0,0.0,3.770001,70.0
596,1.0,B,45.7428,-106.0225,20120821,20120822,30075.0,20120822,225.0,97.0,160.0,0.0,2.1400928,68.4
597,0.0003937007874015,A,45.2317,-105.7497,20120228,20121107,30075.0,20120902,183.0,56.0,112.0,0.0,4.1560125,80.5
599,3.0,B,45.1386,-105.9681,20070715,20070715,30075.0,20070715,268.0,105.0,189.0,0.0,2.0303924,177.0
602,2.0,B,45.20138889,-105.99694444,20070715,20070718,30075.0,20070715,268.0,105.0,189.0,0.0,2.0303924,177.0
603,0.0107142857142857,B,45.0242,-105.8686,20120831,20120927,30075.0,20120902,183.0,56.0,112.0,0.0,4.1560125,80.5
604,2.466666666666667,B,45.26027778,-105.92305556,20090908,20090910,30075.0,20090910,204.0,53.0,129.0,0.0,0.6441217,70.0
605,5.8,C,45.7427,-106.02258,20120821,20120823,30075.0,20120823,233.0,90.0,156.0,0.0,1.2903081,73.25
606,2.066666666666667,B,45.04413,-105.75317,20120831,20120902,30075.0,20120902,183.0,56.0,112.0,0.0,4.1560125,80.5
608,0.2666666666666666,B,45.20805556,-106.14222222,20090908,20090910,30075.0,20090910,204.0,53.0,129.0,0.0,0.6441217,70.0
609,0.0003937007874015,A,45.2317,-105.7497,20120228,20121107,30075.0,20120601,149.0,54.0,93.0,25.0,3.033562,96.5
610,63.333333333333336,E,45.47422,-105.98005,20120902,20120907,30075.0,20120902,183.0,56.0,112.0,0.0,4.1560125,80.5
611,0.05,A,45.0514,-105.6022,20020617,20020618,30075.0,20020617,217.0,49.0,140.0,0.0,0.79176515,15.0
613,0.025,A,45.28638889,-106.2175,20070714,20070715,30075.0,20070714,213.0,93.0,148.0,0.0,2.0001051,177.0
614,30.0,C,45.1325,-106.2097,20080830,20080830,30075.0,20080830,237.0,121.0,172.0,25.0,1.3102657,90.0
615,1.3666666666666665,B,45.0348,-105.77587,20120831,20120902,30075.0,20120902,183.0,56.0,112.0,0.0,4.1560125,80.5
616,300.0,E,45.0564,-105.6967,20040711,20040711,30075.0,20040711,271.0,90.0,181.0,0.0,2.6391034,172.5
617,0.0003937007874015,A,45.2317,-105.7497,20120228,20121107,30075.0,20120802,246.0,73.0,162.0,0.0,1.320997,86.75
618,6.0,C,45.1039,-105.6594,20040711,20040712,30075.0,20040711,271.0,90.0,181.0,0.0,2.6391034,172.5
619,34.800000000000004,D,45.727,-106.017,20120901,20120903,30075.0,20120902,183.0,56.0,112.0,0.0,4.1560125,80.5
621,3.0,B,45.1083,-105.6669,20040711,20040712,30075.0,20040711,271.0,90.0,181.0,0.0,2.6391034,172.5
622,1.5,B,45.6253,-105.2164,20120802,20120803,30075.0,20120802,246.0,73.0,162.0,0.0,1.320997,86.75
624,1.4,B,45.33583333,-106.15638889,20070714,20070714,30075.0,20070714,213.0,93.0,148.0,0.0,2.0001051,177.0
625,0.0003937007874015,A,45.2317,-105.7497,20120228,20121107,30075.0,20120522,147.0,20.0,95.0,0.0,0.566394,96.5
626,0.0003937007874015,A,45.2317,-105.7497,20120228,20121107,30075.0,20120819,202.0,18.0,122.0,0.0,1.2567017,68.4
627,0.1,A,45.43722222,-105.90777778,20060620,20060620,30075.0,20060620,201.0,32.0,107.0,0.0,3.6716306,144.5
628,0.0003937007874015,A,45.2317,-105.7497,20120228,20121107,30075.0,20121007,56.0,-50.0,5.0,25.0,4.8730755,73.5
631,372.1003937007874,A,45.2317,-105.7497,20120228,20121107,30075.0,20120815,116.0,36.0,64.0,0.0,3.3776357000000004,86.25
632,0.0003937007874015,A,45.2317,-105.7497,20120228,20121107,30075.0,20120922,181.0,40.0,99.0,0.0,1.7321986,78.5
634,0.0107142857142857,B,45.0242,-105.8686,20120831,20120927,30075.0,20120922,181.0,40.0,99.0,0.0,1.7321986,78.5
635,0.0003937007874015,A,45.2317,-105.7497,20120228,20121107,30075.0,20121008,73.0,-9.0,26.0,0.0,4.7984257,73.5
636,0.0999999999999999,B,45.47583333,-106.06833333,20080719,20080721,30075.0,20080721,242.0,95.0,169.0,0.0,2.9441650000000004,106.8
638,1.3333333333333333,B,45.62,-105.86333333,20080719,20080721,30075.0,20080721,242.0,95.0,169.0,0.0,2.9441650000000004,106.8
640,1.2333333333333334,B,45.06914,-105.80494,20090825,20090827,30075.0,20090827,224.0,48.0,130.0,0.0,1.7664737,86.6
641,84.66,E,45.37083333,-106.24166667,20050807,20050811,30075.0,20050809,211.0,95.0,132.0,76.0,2.5916932,165.0
642,0.0003937007874015,A,45.2317,-105.7497,20120228,20121107,30075.0,20120512,93.0,-41.0,31.0,25.0,3.2446074,96.5
644,1.3333333333333333,B,45.62,-105.86333333,20080719,20080721,30075.0,20080720,219.0,110.0,157.0,51.0,0.9013946,106.8
645,245.45454545454547,F,45.44833333,-105.95527778,20050822,20050901,30075.0,20050901,202.0,20.0,105.0,0.0,1.591006,135.5
646,0.0003937007874015,A,45.2317,-105.7497,20120228,20121107,30075.0,20120513,171.0,16.0,94.0,0.0,3.371915,96.5
647,2.2,B,45.62472222,-106.16027778,20060531,20060601,30075.0,20060601,205.0,28.0,121.0,25.0,1.9983206,144.5
648,0.0003937007874015,A,45.2317,-105.7497,20120228,20121107,30075.0,20121009,75.0,-15.0,11.0,0.0,1.6813332,73.5
649,5.9,C,45.05842,-105.99153,20120422,20120423,30075.0,20120423,179.0,47.0,116.0,25.0,2.1392555,96.5
651,0.0999999999999999,B,45.47583333,-106.06833333,20080719,20080721,30075.0,20080720,219.0,110.0,157.0,51.0,0.9013946,106.8
653,245.45454545454547,F,45.44833333,-105.95527778,20050822,20050901,30075.0,20050828,224.0,77.0,143.0,0.0,0.20615306,135.5
654,0.05,A,45.418,-106.342,20120810,20120811,30075.0,20120811,159.0,76.0,115.0,0.0,2.06867,86.25
655,0.0003937007874015,A,45.2317,-105.7497,20120228,20121107,30075.0,20120423,179.0,47.0,116.0,25.0,2.1392555,96.5
656,0.0003937007874015,A,45.2317,-105.7497,20120228,20121107,30075.0,20120923,182.0,64.0,119.0,0.0,1.9557571,78.5
659,0.0003937007874015,A,45.2317,-105.7497,20120228,20121107,30075.0,20120511,60.0,-24.0,11.0,25.0,4.890741,96.5
660,0.0003937007874015,A,45.2317,-105.7497,20120228,20121107,30075.0,20121004,-3.0,-93.0,-54.0,25.0,0.77369046,73.5
663,0.0003937007874015,A,45.2317,-105.7497,20120228,20121107,30075.0,20120425,158.0,37.0,95.0,0.0,1.4501402,96.5
664,0.4,B,45.37166667,-105.95166667,20060608,20060609,30075.0,20060609,109.0,59.0,81.0,152.0,5.421285,144.5
665,1.3333333333333333,B,45.37398,-105.594,20121003,20121005,30075.0,20121005,-11.0,-74.0,-45.0,76.0,2.4027631,73.5
667,1.1,B,45.66555556,-105.96611111,20050823,20050825,30075.0,20050824,157.0,54.0,101.0,0.0,1.8302478,135.5
670,0.0003937007874015,A,45.2317,-105.7497,20120228,20121107,30075.0,20121005,-11.0,-74.0,-45.0,76.0,2.4027631,73.5
671,0.25,B,45.57416667,-105.93305556,20050823,20050824,30075.0,20050824,157.0,54.0,101.0,0.0,1.8302478,135.5
674,1.6,B,45.353,-106.377,20120810,20120811,30075.0,20120811,159.0,76.0,115.0,0.0,2.06867,86.25
675,0.15,B,45.35222222,-106.01916667,20060608,20060609,30075.0,20060609,109.0,59.0,81.0,152.0,5.421285,144.5
678,0.0003937007874015,A,45.2317,-105.7497,20120228,20121107,30075.0,20121006,2.0,-152.0,-69.0,51.0,1.1901277,73.5
680,0.0003937007874015,A,45.2317,-105.7497,20120228,20121107,30075.0,20120424,210.0,53.0,114.0,0.0,1.9378647,96.5
681,0.0107142857142857,B,45.0242,-105.8686,20120831,20120927,30075.0,20120923,182.0,64.0,119.0,0.0,1.9557571,78.5
684,0.0003937007874015,A,45.2317,-105.7497,20120228,20121107,30075.0,20120510,106.0,-27.0,39.0,0.0,5.956281,96.5
685,84.66,E,45.37083333,-106.24166667,20050807,20050811,30075.0,20050810,211.0,82.0,128.0,102.0,2.0612843,165.0
687,0.8,B,45.0797,-105.0692,20050809,20050809,30075.0,20050809,211.0,95.0,132.0,76.0,2.5916932,165.0
688,0.0003937007874015,A,45.2317,-105.7497,20120228,20121107,30075.0,20121017,28.0,-8.0,4.0,0.0,9.110894,73.5
691,0.95,B,45.18963,-106.23525,20110727,20110728,30075.0,20110727,222.0,76.0,141.0,0.0,0.33956075,111.5
692,0.95,B,45.18963,-106.23525,20110727,20110728,30075.0,20110728,209.0,72.0,136.0,0.0,0.84012157,111.5
694,0.05,A,45.418,-106.342,20120810,20120811,30075.0,20120810,228.0,111.0,169.0,51.0,3.9980996,86.25
695,0.0003937007874015,A,45.2317,-105.7497,20120228,20121107,30075.0,20120817,204.0,37.0,111.0,0.0,0.80061895,68.4
697,1.6,B,45.353,-106.377,20120810,20120811,30075.0,20120810,228.0,111.0,169.0,51.0,3.9980996,86.25
699,0.0107142857142857,B,45.0242,-105.8686,20120831,20120927,30075.0,20120920,171.0,48.0,104.0,0.0,2.1983035,78.5
700,107.14285714285714,F,45.0517,-105.9883,20070812,20070825,30075.0,20070825,248.0,50.0,157.0,0.0,4.0468364,122.0
702,1.0,B,45.59638889,-105.97555556,20060612,20060613,30075.0,20060612,220.0,61.0,139.0,0.0,1.5281641,144.5
704,17.142857142857142,D,45.3242,-105.6256,20070812,20070825,30075.0,20070825,248.0,50.0,157.0,0.0,4.0468364,122.0
705,0.0107142857142857,B,45.0242,-105.8686,20120831,20120927,30075.0,20120919,161.0,21.0,93.0,0.0,2.6863353,81.25
706,0.05,A,45.2111,-106.1519,20110804,20110805,30075.0,20110804,213.0,101.0,144.0,0.0,1.3437964,106.333
707,0.25,B,45.3397,-105.7672,20070814,20070825,30075.0,20070825,248.0,50.0,157.0,0.0,4.0468364,122.0
708,0.0003937007874015,A,45.2317,-105.7497,20120228,20121107,30075.0,20120919,161.0,21.0,93.0,0.0,2.6863353,81.25
709,0.0003937007874015,A,45.2317,-105.7497,20120228,20121107,30075.0,20121018,90.0,-20.0,23.0,0.0,6.70454,73.5
710,1.0,B,45.59638889,-105.97555556,20060612,20060613,30075.0,20060613,228.0,73.0,162.0,0.0,4.4780050000000005,144.5
711,0.0003937007874015,A,45.2317,-105.7497,20120228,20121107,30075.0,20121019,125.0,17.0,82.0,51.0,2.6232188,73.5
715,0.0003937007874015,A,45.2317,-105.7497,20120228,20121107,30075.0,20120920,171.0,48.0,104.0,0.0,2.1983035,78.5
716,0.0003937007874015,A,45.2317,-105.7497,20120228,20121107,30075.0,20121016,111.0,-43.0,29.0,0.0,6.109903299999999,73.5
718,0.0003937007874015,A,45.2317,-105.7497,20120228,20121107,30075.0,20121010,106.0,-24.0,33.0,0.0,3.1355107,73.5
719,205.16666666666663,F,45.31408,-106.17683,20120513,20120518,30075.0,20120513,171.0,16.0,94.0,0.0,3.371915,96.5
720,0.0003937007874015,A,45.2317,-105.7497,20120228,20121107,30075.0,20121011,111.0,-30.0,43.0,0.0,1.7557013,73.5
721,0.0003937007874015,A,45.2317,-105.7497,20120228,20121107,30075.0,20120816,156.0,40.0,94.0,0.0,3.2711057999999995,68.4
724,2.2,B,45.62472222,-106.16027778,20060531,20060601,30075.0,20060531,116.0,-21.0,47.0,0.0,0.24759288,144.5
726,1.3333333333333333,B,45.62,-105.86333333,20080719,20080721,30075.0,20080719,221.0,57.0,129.0,0.0,0.44821078,106.8
727,0.0003937007874015,A,45.2317,-105.7497,20120228,20121107,30075.0,20121012,199.0,50.0,109.0,0.0,2.1644952,73.5
728,0.0003937007874015,A,45.2317,-105.7497,20120228,20121107,30075.0,20120921,183.0,52.0,104.0,0.0,3.2705486,78.5
730,0.0999999999999999,B,45.47583333,-106.06833333,20080719,20080721,30075.0,20080719,221.0,57.0,129.0,0.0,0.44821078,106.8
731,0.0003937007874015,A,45.2317,-105.7497,20120228,20121107,30075.0,20121013,110.0,-6.0,47.0,0.0,5.1118917,73.5
732,0.0003937007874015,A,45.2317,-105.7497,20120228,20121107,30075.0,20121014,115.0,-7.0,60.0,0.0,4.7675967,73.5
733,0.0003937007874015,A,45.2317,-105.7497,20120228,20121107,30075.0,20120422,149.0,26.0,83.0,0.0,2.278618,96.5
734,0.0107142857142857,B,45.0242,-105.8686,20120831,20120927,30075.0,20120921,183.0,52.0,104.0,0.0,3.2705486,78.5
735,0.0003937007874015,A,45.2317,-105.7497,20120228,20121107,30075.0,20121015,153.0,34.0,98.0,0.0,5.5473375,73.5
737,5.9,C,45.05842,-105.99153,20120422,20120423,30075.0,20120422,149.0,26.0,83.0,0.0,2.278618,96.5
739,0.0003937007874015,A,45.2317,-105.7497,20120228,20121107,30075.0,20120810,228.0,111.0,169.0,51.0,3.9980996,86.25
742,1.3333333333333333,B,45.37398,-105.594,20121003,20121005,30075.0,20121004,-3.0,-93.0,-54.0,25.0,0.77369046,73.5
743,1.2333333333333334,B,45.06914,-105.80494,20090825,20090827,30075.0,20090826,189.0,64.0,127.0,0.0,0.49476734,86.6
744,0.0107142857142857,B,45.0242,-105.8686,20120831,20120927,30075.0,20120924,161.0,43.0,97.0,0.0,0.47433683,78.5
746,0.0003937007874015,A,45.2317,-105.7497,20120228,20121107,30075.0,20120501,95.0,-11.0,35.0,0.0,4.7765007000000015,96.5
749,245.45454545454547,F,45.44833333,-105.95527778,20050822,20050901,30075.0,20050829,267.0,57.0,173.0,0.0,2.8515615000000003,135.5
750,372.1,F,45.68047,-105.1537,20120813,20120815,30075.0,20120813,233.0,80.0,167.0,25.0,2.4725735,86.25
754,0.0003937007874015,A,45.2317,-105.7497,20120228,20121107,30075.0,20120812,204.0,72.0,133.0,25.0,1.6269256,86.25
759,11.3,C,45.24833333,-106.2175,20060605,20060608,30075.0,20060606,198.0,96.0,139.0,25.0,3.1988325,144.5
761,0.0107142857142857,B,45.0242,-105.8686,20120831,20120927,30075.0,20120926,154.0,29.0,64.0,0.0,1.4317874,78.5
762,0.0003937007874015,A,45.2317,-105.7497,20120228,20121107,30075.0,20120930,138.0,24.0,75.0,0.0,3.0064752,73.5
763,2.433333333333333,B,45.65805556,-106.085,20060604,20060606,30075.0,20060606,198.0,96.0,139.0,25.0,3.1988325,144.5
764,0.0003937007874015,A,45.2317,-105.7497,20120228,20121107,30075.0,20120430,108.0,-22.0,45.0,51.0,3.8172565,96.5
766,0.0003937007874015,A,45.2317,-105.7497,20120228,20121107,30075.0,20120429,70.0,-16.0,20.0,0.0,1.2889162,96.5
769,0.0003937007874015,A,45.2317,-105.7497,20120228,20121107,30075.0,20120926,154.0,29.0,64.0,0.0,1.4317874,78.5
771,0.0003937007874015,A,45.2317,-105.7497,20120228,20121107,30075.0,20120927,123.0,19.0,59.0,51.0,1.9136614,73.5
772,0.05,A,45.19381,-105.61842,20090824,20090825,30075.0,20090825,202.0,60.0,125.0,0.0,1.7593408,86.6
775,0.0003937007874015,A,45.2317,-105.7497,20120228,20121107,30075.0,20120504,120.0,17.0,63.0,0.0,2.4621913,96.5
779,10.125,C,45.24833333,-106.2175,20060605,20060608,30075.0,20060607,222.0,99.0,159.0,0.0,4.172695,144.5
780,0.0003937007874015,A,45.2317,-105.7497,20120228,20121107,30075.0,20120928,167.0,59.0,96.0,51.0,2.0360057,73.5
782,0.0003937007874015,A,45.2317,-105.7497,20120228,20121107,30075.0,20120503,131.0,-19.0,64.0,76.0,1.0653203000000002,96.5
783,0.675,B,45.6114,-105.9719,20060605,20060608,30075.0,20060607,222.0,99.0,159.0,0.0,4.172695,144.5
784,245.45454545454547,F,45.44833333,-105.95527778,20050822,20050901,30075.0,20050824,157.0,54.0,101.0,0.0,1.8302478,135.5
786,4.0,B,45.1028,-106.1642,20040801,20040802,30075.0,20040802,247.0,93.0,169.0,0.0,2.934701,240.0
787,0.0003937007874015,A,45.2317,-105.7497,20120228,20121107,30075.0,20120813,233.0,80.0,167.0,25.0,2.4725735,86.25
788,0.05,A,45.19381,-105.61842,20090824,20090825,30075.0,20090824,145.0,52.0,92.0,25.0,1.8501036,86.6
789,0.75,B,45.24638889,-106.06444444,20060605,20060606,30075.0,20060606,198.0,96.0,139.0,25.0,3.1988325,144.5
790,0.0003937007874015,A,45.2317,-105.7497,20120228,20121107,30075.0,20120505,57.0,-39.0,7.0,102.0,1.6269242,96.5
791,1.2333333333333334,B,45.06914,-105.80494,20090825,20090827,30075.0,20090825,202.0,60.0,125.0,0.0,1.7593408,86.6
792,0.0107142857142857,B,45.0242,-105.8686,20120831,20120927,30075.0,20120927,123.0,19.0,59.0,51.0,1.9136614,73.5
793,23.5,C,45.2214,-105.616097,20090825,20090826,30075.0,20090825,202.0,60.0,125.0,0.0,1.7593408,86.6
795,0.0003937007874015,A,45.2317,-105.7497,20120228,20121107,30075.0,20120502,110.0,-23.0,32.0,0.0,4.894127,96.5
796,0.0003937007874015,A,45.2317,-105.7497,20120228,20121107,30075.0,20120929,150.0,31.0,83.0,0.0,3.1455328,73.5
797,0.0003937007874015,A,45.2317,-105.7497,20120228,20121107,30075.0,20120506,62.0,-56.0,-10.0,0.0,6.984187599999999,96.5
799,0.0003937007874015,A,45.2317,-105.7497,20120228,20121107,30075.0,20120507,67.0,-60.0,5.0,25.0,7.2139053,96.5
801,0.5,B,45.4483,-105.8358,20060608,20060608,30075.0,20060608,216.0,82.0,140.0,0.0,6.8206935,144.5
803,372.1,F,45.68047,-105.1537,20120813,20120815,30075.0,20120814,233.0,98.0,158.0,0.0,2.772523,86.25
804,10.8,B,45.6114,-105.9719,20060605,20060608,30075.0,20060608,216.0,82.0,140.0,0.0,6.8206935,144.5
805,0.0003937007874015,A,45.2317,-105.7497,20120228,20121107,30075.0,20120811,159.0,76.0,115.0,0.0,2.06867,86.25
806,0.0003937007874015,A,45.2317,-105.7497,20120228,20121107,30075.0,20121002,179.0,42.0,115.0,0.0,4.2296543,73.5
807,0.0003937007874015,A,45.2317,-105.7497,20120228,20121107,30075.0,20120924,161.0,43.0,97.0,0.0,0.47433683,78.5
809,0.15,B,45.35222222,-106.01916667,20060608,20060609,30075.0,20060608,216.0,82.0,140.0,0.0,6.8206935,144.5
813,245.45454545454547,F,45.44833333,-105.95527778,20050822,20050901,30075.0,20050831,137.0,4.0,66.0,0.0,3.3064368,135.5
815,0.0003937007874015,A,45.2317,-105.7497,20120228,20121107,30075.0,20121003,53.0,-37.0,-11.0,0.0,5.075721,73.5
817,0.4,B,45.37166667,-105.95166667,20060608,20060609,30075.0,20060608,216.0,82.0,140.0,0.0,6.8206935,144.5
819,0.0003937007874015,A,45.2317,-105.7497,20120228,20121107,30075.0,20120814,233.0,98.0,158.0,0.0,2.772523,86.25
821,1.3333333333333333,B,45.37398,-105.594,20121003,20121005,30075.0,20121003,53.0,-37.0,-11.0,0.0,5.075721,73.5
823,0.0003937007874015,A,45.2317,-105.7497,20120228,20121107,30075.0,20120426,166.0,32.0,96.0,51.0,7.715081,96.5
824,23.5,C,45.2214,-105.616097,20090825,20090826,30075.0,20090826,189.0,64.0,127.0,0.0,0.49476734,86.6
826,0.0003937007874015,A,45.2317,-105.7497,20120228,20121107,30075.0,20120427,61.0,-41.0,9.0,76.0,6.6155005000000005,96.5
827,0.05,A,45.2111,-106.1519,20110804,20110805,30075.0,20110805,206.0,64.0,128.0,0.0,2.0896897,106.333
829,0.0107142857142857,B,45.0242,-105.8686,20120831,20120927,30075.0,20120925,159.0,43.0,97.0,0.0,1.4000448,78.5
830,0.0003937007874015,A,45.2317,-105.7497,20120228,20121107,30075.0,20121001,161.0,1.0,83.0,25.0,0.49740008,73.5
833,0.0003937007874015,A,45.2317,-105.7497,20120228,20121107,30075.0,20120428,-4.0,-32.0,-21.0,51.0,3.5727758,96.5
835,0.675,B,45.6114,-105.9719,20060605,20060608,30075.0,20060605,179.0,49.0,112.0,0.0,3.499056,144.5
836,0.0003937007874015,A,45.2317,-105.7497,20120228,20121107,30075.0,20120508,125.0,-18.0,60.0,0.0,0.657655,96.5
837,0.5,B,45.65277778,-106.20916667,20060605,20060606,30075.0,20060605,179.0,49.0,112.0,0.0,3.499056,144.5
840,0.15,B,45.21683,-106.172,20120508,20120509,30075.0,20120508,125.0,-18.0,60.0,0.0,0.657655,96.5
841,12.558333333333334,B,45.65805556,-106.085,20060604,20060606,30075.0,20060605,179.0,49.0,112.0,0.0,3.499056,144.5
843,0.0003937007874015,A,45.2317,-105.7497,20120228,20121107,30075.0,20120509,198.0,51.0,124.0,0.0,3.5873410000000003,96.5
844,0.0003937007874015,A,45.2317,-105.7497,20120228,20121107,30075.0,20120925,159.0,43.0,97.0,0.0,1.4000448,78.5
846,0.75,B,45.24638889,-106.06444444,20060605,20060606,30075.0,20060605,179.0,49.0,112.0,0.0,3.499056,144.5
847,245.45454545454547,F,45.44833333,-105.95527778,20050822,20050901,30075.0,20050830,134.0,-4.0,73.0,0.0,4.2246265,135.5
853,0.15,B,45.21683,-106.172,20120508,20120509,30075.0,20120509,198.0,51.0,124.0,0.0,3.5873410000000003,96.5
855,2.433333333333333,B,45.65805556,-106.085,20060604,20060606,30075.0,20060604,185.0,42.0,115.0,0.0,1.6196946,144.5
856,0.65,B,45.21068,-106.07293,20120818,20120819,30075.0,20120819,202.0,18.0,122.0,0.0,1.2567017,68.4
859,1317.1498168498167,E,45.27805556,-106.07722222,20070812,20070818,30075.0,20070818,234.0,82.0,148.0,0.0,5.1328163,122.0
861,0.35,B,45.35666667,-106.08166667,20070817,20070818,30075.0,20070818,234.0,82.0,148.0,0.0,5.1328163,122.0
862,595.2666666666667,G,45.2633,-105.8117,20110822,20110908,30075.0,20110825,247.0,82.0,140.0,25.0,2.2726617,88.25
863,0.32,B,45.26611111,-106.13638889,20090814,20090818,30075.0,20090818,163.0,67.0,115.0,51.0,2.8985074,86.6
866,0.0003937007874015,A,45.2317,-105.7497,20120228,20121107,30075.0,20120520,161.0,17.0,86.0,0.0,0.8156547,96.5
867,0.0003937007874015,A,45.2317,-105.7497,20120228,20121107,30075.0,20120913,182.0,11.0,86.0,0.0,0.88617134,80.5
868,181.28571428571428,D,45.3242,-105.6256,20070812,20070825,30075.0,20070817,201.0,110.0,156.0,0.0,5.8747177000000015,122.0
869,595.2666666666667,G,45.2633,-105.8117,20110822,20110908,30075.0,20110826,258.0,98.0,158.0,0.0,2.5097597,88.25
870,62.31410256410257,E,45.26575,-105.94575,20070813,20070825,30075.0,20070817,201.0,110.0,156.0,0.0,5.8747177000000015,122.0
872,0.25,B,45.3397,-105.7672,20070814,20070825,30075.0,20070817,201.0,110.0,156.0,0.0,5.8747177000000015,122.0
873,0.0003937007874015,A,45.2317,-105.7497,20120228,20121107,30075.0,20120521,216.0,65.0,140.0,0.0,1.6731454,96.5
875,304.5444444444445,G,45.7678,-106.0681,20110822,20110908,30075.0,20110826,258.0,98.0,158.0,0.0,2.5097597,88.25
877,0.0003937007874015,A,45.2317,-105.7497,20120228,20121107,30075.0,20120807,274.0,109.0,181.0,0.0,0.6688681,75.6
878,0.0003937007874015,A,45.2317,-105.7497,20120228,20121107,30075.0,20121107,145.0,5.0,81.0,0.0,4.8708277,73.5
879,0.1,A,45.75833333,-106.02027778,20070818,20070818,30075.0,20070818,234.0,82.0,148.0,0.0,5.1328163,122.0
884,0.0003937007874015,A,45.2317,-105.7497,20120228,20121107,30075.0,20121102,79.0,-12.0,24.0,0.0,4.312233999999999,73.5
886,899.8111111111111,G,45.2633,-105.8117,20110822,20110908,30075.0,20110824,283.0,101.0,182.0,0.0,0.9261761,88.25
887,0.65,B,45.21068,-106.07293,20120818,20120819,30075.0,20120818,204.0,39.0,112.0,0.0,2.0164626,68.4
888,0.0003937007874015,A,45.2317,-105.7497,20120228,20121107,30075.0,20121103,96.0,-22.0,34.0,0.0,1.8764073,73.5
889,0.05,A,45.36861111,-106.26083333,20090831,20090901,30075.0,20090831,223.0,64.0,131.0,25.0,4.121755,86.6
890,304.5444444444445,G,45.7678,-106.0681,20110822,20110908,30075.0,20110825,247.0,82.0,140.0,25.0,2.2726617,88.25
891,0.0003937007874015,A,45.2317,-105.7497,20120228,20121107,30075.0,20120518,98.0,17.0,57.0,229.0,2.237603,96.5
892,0.0003937007874015,A,45.2317,-105.7497,20120228,20121107,30075.0,20121104,51.0,14.0,36.0,0.0,4.526042,73.5
893,3207.8611079865013,B,45.0242,-105.8686,20120831,20120927,30075.0,20120914,244.0,42.0,132.0,25.0,2.8071368,81.25
894,0.0003937007874015,A,45.2317,-105.7497,20120228,20121107,30075.0,20120519,105.0,6.0,45.0,0.0,3.905187,96.5
895,1073.55,G,45.25194444,-106.23916667,20070812,20070821,30075.0,20070819,277.0,88.0,162.0,76.0,6.2681713,122.0
896,0.0003937007874015,A,45.2317,-105.7497,20120228,20121107,30075.0,20121105,101.0,10.0,49.0,0.0,5.1856823,73.5
897,186.59981684981685,E,45.26575,-105.94575,20070813,20070825,30075.0,20070819,277.0,88.0,162.0,76.0,6.2681713,122.0
898,0.0003937007874015,A,45.2317,-105.7497,20120228,20121107,30075.0,20121106,109.0,27.0,66.0,0.0,2.542595,73.5
899,1073.3,G,45.25194444,-106.23916667,20070812,20070821,30075.0,20070817,201.0,110.0,156.0,0.0,5.8747177000000015,122.0
900,0.0003937007874015,A,45.2317,-105.7497,20120228,20121107,30075.0,20121101,138.0,31.0,97.0,0.0,3.6069422,73.5
901,0.35,B,45.35666667,-106.08166667,20070817,20070818,30075.0,20070817,201.0,110.0,156.0,0.0,5.8747177000000015,122.0
904,172.7664835164835,B,45.3397,-105.7672,20070814,20070825,30075.0,20070814,253.0,139.0,185.0,0.0,1.3254778,122.0
905,0.0003937007874015,A,45.2317,-105.7497,20120228,20121107,30075.0,20120912,131.0,-11.0,51.0,0.0,1.9039365,80.5
907,2.2666666666666666,B,45.65805556,-106.11944444,20060620,20060622,30075.0,20060620,201.0,32.0,107.0,0.0,3.6716306,144.5
908,57.0,E,45.27805556,-106.07722222,20070812,20070818,30075.0,20070814,253.0,139.0,185.0,0.0,1.3254778,122.0
910,1093.7233333333334,B,45.24361111,-106.07944444,20070812,20070816,30075.0,20070814,253.0,139.0,185.0,0.0,1.3254778,122.0
912,4.0,C,45.20472222,-105.88805556,20070814,20070816,30075.0,20070814,253.0,139.0,185.0,0.0,1.3254778,122.0
913,0.32,B,45.26611111,-106.13638889,20090814,20090818,30075.0,20090817,128.0,13.0,65.0,25.0,5.6001673,118.4
916,17.142857142857142,D,45.3242,-105.6256,20070812,20070825,30075.0,20070813,251.0,111.0,157.0,0.0,1.4009018,122.0
918,112.14285714285714,F,45.0517,-105.9883,20070812,20070825,30075.0,20070813,251.0,111.0,157.0,0.0,1.4009018,122.0
920,58.34,E,45.27805556,-106.07722222,20070812,20070818,30075.0,20070813,251.0,111.0,157.0,0.0,1.4009018,122.0
923,1074.64,B,45.24361111,-106.07944444,20070812,20070816,30075.0,20070815,226.0,105.0,164.0,0.0,1.5826793,122.0
924,62.0,C,45.17833333,-105.97333333,20070812,20070816,30075.0,20070816,261.0,96.0,177.0,0.0,2.731466,122.0
925,899.8111111111111,G,45.2633,-105.8117,20110822,20110908,30075.0,20110827,282.0,156.0,210.0,0.0,2.8811157000000005,88.25
926,4.0,C,45.20472222,-105.88805556,20070814,20070816,30075.0,20070816,261.0,96.0,177.0,0.0,2.731466,122.0
928,188.18981684981685,B,45.24361111,-106.07944444,20070812,20070816,30075.0,20070816,261.0,96.0,177.0,0.0,2.731466,122.0
930,3207.860714285714,G,45.1497,-105.8869,20120910,20120915,30075.0,20120913,182.0,11.0,86.0,0.0,0.88617134,80.5
931,3207.85,G,45.1497,-105.8869,20120910,20120915,30075.0,20120912,131.0,-11.0,51.0,0.0,1.9039365,80.5
932,31.226190476190474,D,45.1575,-105.9617,20070814,20070825,30075.0,20070815,226.0,105.0,164.0,0.0,1.5826793,122.0
933,0.3333333333333333,B,45.77944444,-106.06472222,20080708,20080710,30075.0,20080710,275.0,111.0,201.0,0.0,2.2837293,131.6
934,155.37362637362637,E,45.26575,-105.94575,20070813,20070825,30075.0,20070815,226.0,105.0,164.0,0.0,1.5826793,122.0
935,1.0,B,45.225,-105.5483,20060521,20060522,30075.0,20060522,233.0,73.0,150.0,0.0,4.5628147000000014,144.5
936,0.0107142857142857,B,45.0242,-105.8686,20120831,20120927,30075.0,20120912,131.0,-11.0,51.0,0.0,1.9039365,80.5
937,66.25,B,45.3397,-105.7672,20070814,20070825,30075.0,20070815,226.0,105.0,164.0,0.0,1.5826793,122.0
938,1073.3,G,45.25194444,-106.23916667,20070812,20070821,30075.0,20070816,261.0,96.0,177.0,0.0,2.731466,122.0
939,2.1,B,45.56777778,-105.92055556,20060523,20060524,30075.0,20060523,85.0,21.0,52.0,381.0,5.2177463,144.5
941,0.0003937007874015,A,45.2317,-105.7497,20120228,20121107,30075.0,20121023,20.0,-52.0,-13.0,0.0,0.85375744,73.5
942,172.5164835164835,D,45.3242,-105.6256,20070812,20070825,30075.0,20070823,98.0,37.0,59.0,0.0,2.3482704,122.0
943,124.28571428571428,F,45.0517,-105.9883,20070812,20070825,30075.0,20070822,120.0,30.0,66.0,76.0,5.1216173,122.0
944,0.0003937007874015,A,45.2317,-105.7497,20120228,20121107,30075.0,20120515,208.0,22.0,117.0,0.0,1.5695244,96.5
946,62.56410256410257,E,45.26575,-105.94575,20070813,20070825,30075.0,20070822,120.0,30.0,66.0,76.0,5.1216173,122.0
948,0.0003937007874015,A,45.2317,-105.7497,20120228,20121107,30075.0,20120918,173.0,44.0,112.0,0.0,4.0335264,81.25
949,1.0333333333333332,B,45.70361111,-106.01694444,20080809,20080810,30075.0,20080810,206.0,90.0,141.0,0.0,2.3231173,102.2
950,0.0003937007874015,A,45.2317,-105.7497,20120228,20121107,30075.0,20120809,262.0,151.0,199.0,0.0,3.5017834000000003,86.25
951,2.1666666666666665,B,45.22917,-106.01832,20110812,20110814,30075.0,20110812,177.0,39.0,104.0,0.0,1.9058834,106.333
952,205.16666666666663,F,45.31408,-106.17683,20120513,20120518,30075.0,20120515,208.0,22.0,117.0,0.0,1.5695244,96.5
954,2.1666666666666665,B,45.22917,-106.01832,20110812,20110814,30075.0,20110813,209.0,43.0,132.0,51.0,1.9700012,106.333
955,0.0003937007874015,A,45.2317,-105.7497,20120228,20121107,30075.0,20120818,204.0,39.0,112.0,0.0,2.0164626,68.4
956,2.1666666666666665,B,45.22917,-106.01832,20110812,20110814,30075.0,20110814,238.0,84.0,159.0,0.0,3.2729878,106.333
958,0.0107142857142857,B,45.0242,-105.8686,20120831,20120927,30075.0,20120917,96.0,1.0,52.0,0.0,1.8873287,81.25
959,4.0,B,45.5267,-105.8861,20060526,20060526,30075.0,20060526,195.0,57.0,124.0,0.0,1.2628999,144.5
960,0.0003937007874015,A,45.2317,-105.7497,20120228,20121107,30075.0,20121024,-13.0,-128.0,-72.0,25.0,1.5890257,73.5
961,0.0107142857142857,B,45.0242,-105.8686,20120831,20120927,30075.0,20120918,173.0,44.0,112.0,0.0,4.0335264,81.25
963,14.083333333333334,D,45.1575,-105.9617,20070814,20070825,30075.0,20070823,98.0,37.0,59.0,0.0,2.3482704,122.0
964,0.0003937007874015,A,45.2317,-105.7497,20120228,20121107,30075.0,20121022,59.0,11.0,28.0,51.0,4.7370214000000015,73.5
966,0.3,B,45.408,-106.203,20110808,20110809,30075.0,20110808,179.0,58.0,114.0,0.0,4.7981734000000005,106.333
967,205.16666666666663,F,45.31408,-106.17683,20120513,20120518,30075.0,20120514,199.0,29.0,113.0,0.0,4.0653872,96.5
968,14.083333333333334,D,45.1575,-105.9617,20070814,20070825,30075.0,20070825,248.0,50.0,157.0,0.0,4.0468364,122.0
970,172.5164835164835,E,45.26575,-105.94575,20070813,20070825,30075.0,20070824,138.0,28.0,77.0,0.0,0.5161398,122.0
971,0.0003937007874015,A,45.2317,-105.7497,20120228,20121107,30075.0,20120514,199.0,29.0,113.0,0.0,4.0653872,96.5
972,0.25,B,45.3397,-105.7672,20070814,20070825,30075.0,20070824,138.0,28.0,77.0,0.0,0.5161398,122.0
973,0.25,B,45.3217,-106.1058,20110808,20110809,30075.0,20110808,179.0,58.0,114.0,0.0,4.7981734000000005,106.333
974,14.083333333333334,D,45.1575,-105.9617,20070814,20070825,30075.0,20070824,138.0,28.0,77.0,0.0,0.5161398,122.0
976,0.0003937007874015,A,45.2317,-105.7497,20120228,20121107,30075.0,20121020,136.0,13.0,79.0,0.0,4.3126440000000015,73.5
977,0.7000000000000001,B,45.3958,-106.2136,20110808,20110810,30075.0,20110808,179.0,58.0,114.0,0.0,4.7981734000000005,106.333
978,0.3333333333333333,B,45.635,-106.02555556,20080809,20080811,30075.0,20080809,244.0,84.0,164.0,0.0,3.9492433,102.2
979,0.25,B,45.3217,-106.1058,20110808,20110809,30075.0,20110809,158.0,42.0,91.0,0.0,2.855669,106.333
980,0.0003937007874015,A,45.2317,-105.7497,20120228,20121107,30075.0,20121021,62.0,-11.0,22.0,0.0,2.6375906,78.5
983,0.7000000000000001,B,45.3958,-106.2136,20110808,20110810,30075.0,20110809,158.0,42.0,91.0,0.0,2.855669,106.333
985,0.7,B,45.70361111,-106.01694444,20080809,20080810,30075.0,20080809,244.0,84.0,164.0,0.0,3.9492433,102.2
986,0.3,B,45.408,-106.203,20110808,20110809,30075.0,20110809,158.0,42.0,91.0,0.0,2.855669,106.333
987,0.7000000000000001,B,45.3958,-106.2136,20110808,20110810,30075.0,20110810,164.0,64.0,109.0,25.0,1.1462041,106.333
989,0.25,B,45.3397,-105.7672,20070814,20070825,30075.0,20070823,98.0,37.0,59.0,0.0,2.3482704,122.0
990,0.0003937007874015,A,45.2317,-105.7497,20120228,20121107,30075.0,20120917,96.0,1.0,52.0,0.0,1.8873287,81.25
992,84.66,E,45.37083333,-106.24166667,20050807,20050811,30075.0,20050811,162.0,54.0,92.0,152.0,1.9756727,165.0
994,0.0003937007874015,A,45.2317,-105.7497,20120228,20121107,30075.0,20121027,16.0,-96.0,-25.0,25.0,0.85585195,73.5
996,304.5444444444445,G,45.7678,-106.0681,20110822,20110908,30075.0,20110823,223.0,85.0,159.0,0.0,5.8590903,88.25
997,107.14285714285714,F,45.0517,-105.9883,20070812,20070825,30075.0,20070820,206.0,98.0,144.0,0.0,3.1280055,122.0
999,595.2666666666667,G,45.2633,-105.8117,20110822,20110908,30075.0,20110823,223.0,85.0,159.0,0.0,5.8590903,88.25
1000,0.0003937007874015,A,45.2317,-105.7497,20120228,20121107,30075.0,20120915,234.0,62.0,140.0,0.0,2.42101,81.25
1002,0.0003937007874015,A,45.2317,-105.7497,20120228,20121107,30075.0,20120808,268.0,116.0,188.0,0.0,1.3055292,75.6
1003,0.0003937007874015,A,45.2317,-105.7497,20120228,20121107,30075.0,20121028,98.0,-9.0,55.0,0.0,4.3107553,73.5
1004,1090.442857142857,D,45.3242,-105.6256,20070812,20070825,30075.0,20070820,206.0,98.0,144.0,0.0,3.1280055,122.0
1006,205.16666666666663,F,45.31408,-106.17683,20120513,20120518,30075.0,20120518,98.0,17.0,57.0,229.0,2.237603,96.5
1007,9.45,B,45.3397,-105.7672,20070814,20070825,30075.0,20070820,206.0,98.0,144.0,0.0,3.1280055,122.0
1008,0.0003937007874015,A,45.2317,-105.7497,20120228,20121107,30075.0,20121029,78.0,12.0,45.0,0.0,4.3346157,73.5
1009,14.083333333333334,D,45.1575,-105.9617,20070814,20070825,30075.0,20070820,206.0,98.0,144.0,0.0,3.1280055,122.0
1010,0.0003937007874015,A,45.2317,-105.7497,20120228,20121107,30075.0,20121030,95.0,19.0,44.0,0.0,3.3902452000000003,73.5
1011,48.23076923076923,E,45.26575,-105.94575,20070813,20070825,30075.0,20070820,206.0,98.0,144.0,0.0,3.1280055,122.0
1012,0.0003937007874015,A,45.2317,-105.7497,20120228,20121107,30075.0,20121031,99.0,31.0,62.0,0.0,2.40601,78.5
1014,0.0107142857142857,B,45.0242,-105.8686,20120831,20120927,30075.0,20120915,234.0,62.0,140.0,0.0,2.42101,81.25
1015,48.23076923076923,E,45.26575,-105.94575,20070813,20070825,30075.0,20070825,248.0,50.0,157.0,0.0,4.0468364,122.0
1016,3207.85,G,45.1497,-105.8869,20120910,20120915,30075.0,20120915,234.0,62.0,140.0,0.0,2.42101,81.25
1017,14.083333333333334,D,45.1575,-105.9617,20070814,20070825,30075.0,20070821,176.0,52.0,114.0,0.0,4.8081627000000005,122.0
1019,0.25,B,45.3397,-105.7672,20070814,20070825,30075.0,20070821,176.0,52.0,114.0,0.0,4.8081627000000005,122.0
1021,0.0107142857142857,B,45.0242,-105.8686,20120831,20120927,30075.0,20120916,147.0,8.0,79.0,0.0,1.9635137,81.25
1022,205.16666666666663,F,45.31408,-106.17683,20120513,20120518,30075.0,20120516,200.0,62.0,129.0,102.0,3.6976862,96.5
1023,0.0003937007874015,A,45.2317,-105.7497,20120228,20121107,30075.0,20121025,-27.0,-118.0,-82.0,0.0,0.5199949,73.5
1024,0.0003937007874015,A,45.2317,-105.7497,20120228,20121107,30075.0,20120516,200.0,62.0,129.0,102.0,3.6976862,96.5
1025,0.0003937007874015,A,45.2317,-105.7497,20120228,20121107,30075.0,20120916,147.0,8.0,79.0,0.0,1.9635137,81.25
1026,1073.3,G,45.25194444,-106.23916667,20070812,20070821,30075.0,20070821,176.0,52.0,114.0,0.0,4.8081627000000005,122.0
1030,595.2666666666667,G,45.2633,-105.8117,20110822,20110908,30075.0,20110822,233.0,113.0,172.0,0.0,3.8059533,88.25
1031,0.3333333333333333,B,45.635,-106.02555556,20080809,20080811,30075.0,20080811,205.0,66.0,128.0,0.0,2.7818875,102.2
1032,107.14285714285714,F,45.0517,-105.9883,20070812,20070825,30075.0,20070821,176.0,52.0,114.0,0.0,4.8081627000000005,122.0
1033,2.1,B,45.56777778,-105.92055556,20060523,20060524,30075.0,20060524,164.0,16.0,91.0,0.0,5.2886715,144.5
1034,0.0003937007874015,A,45.2317,-105.7497,20120228,20121107,30075.0,20120517,175.0,42.0,104.0,0.0,3.0353372000000003,96.5
1036,48.23076923076923,E,45.26575,-105.94575,20070813,20070825,30075.0,20070821,176.0,52.0,114.0,0.0,4.8081627000000005,122.0
1037,0.0003937007874015,A,45.2317,-105.7497,20120228,20121107,30075.0,20121026,-37.0,-106.0,-78.0,0.0,1.7500092,73.5
1038,245.45454545454547,F,45.44833333,-105.95527778,20050822,20050901,30075.0,20050827,236.0,50.0,135.0,0.0,1.4773303999999998,135.5
1039,17.142857142857142,D,45.3242,-105.6256,20070812,20070825,30075.0,20070821,176.0,52.0,114.0,0.0,4.8081627000000005,122.0
1040,304.5444444444445,G,45.7678,-106.0681,20110822,20110908,30075.0,20110822,233.0,113.0,172.0,0.0,3.8059533,88.25
1041,245.45454545454547,F,45.44833333,-105.95527778,20050822,20050901,30075.0,20050823,200.0,81.0,121.0,0.0,2.2461193,135.5
1042,205.16666666666663,F,45.31408,-106.17683,20120513,20120518,30075.0,20120517,175.0,42.0,104.0,0.0,3.0353372000000003,96.5
1047,0.4,B,45.17193,-105.53703,20090710,20090711,30075.0,20090711,234.0,80.0,151.0,0.0,1.3553284,102.8
1048,0.1,A,45.57083333,-105.92138889,20060817,20060817,30075.0,20060817,229.0,58.0,130.0,0.0,2.73191,140.0
1049,881.8181818181819,G,45.0225,-105.9695,20020628,20020708,30075.0,20020630,367.0,106.0,239.0,0.0,0.05000305,15.0
1050,2.9166666666666665,C,45.0003,-105.7517,20060627,20060708,30075.0,20060707,202.0,72.0,131.0,0.0,2.3717005,128.0
1051,14.0,C,45.0495,-105.87469,20090710,20090714,30075.0,20090711,234.0,80.0,151.0,0.0,1.3553284,102.8
1053,0.25,B,45.5864,-105.8919,20060817,20060818,30075.0,20060817,229.0,58.0,130.0,0.0,2.73191,140.0
1055,0.0003937007874015,A,45.2317,-105.7497,20120228,20121107,30075.0,20120613,188.0,27.0,104.0,76.0,3.2422924,83.6
1056,0.0833333333333333,B,45.2003,-105.6581,20090728,20090802,30075.0,20090730,138.0,-2.0,68.0,25.0,3.012126,118.4
1058,15.25,C,45.6942,-105.8308,20060815,20060818,30075.0,20060817,229.0,58.0,130.0,0.0,2.73191,140.0
1059,0.22,B,45.52305556,-105.9075,20090806,20090810,30075.0,20090808,133.0,45.0,87.0,51.0,2.5854917,118.4
1060,0.0003937007874015,A,45.2317,-105.7497,20120228,20121107,30075.0,20120711,265.0,109.0,176.0,0.0,0.49728984,92.75
1061,0.4,B,45.17193,-105.53703,20090710,20090711,30075.0,20090710,197.0,29.0,114.0,0.0,2.4413075,102.8
1063,1.7,B,45.5908,-106.1433,20060816,20060817,30075.0,20060817,229.0,58.0,130.0,0.0,2.73191,140.0
1064,1.4,B,45.6305556,-106.179722,20100904,20100905,30075.0,20100905,187.0,7.0,92.0,0.0,1.3328146,77.4
1065,881.8181818181819,G,45.0225,-105.9695,20020628,20020708,30075.0,20020704,282.0,126.0,196.0,0.0,1.3888528,10.0
1066,5.975393700787401,C,45.15342,-105.61933,20120612,20120615,30075.0,20120612,169.0,22.0,91.0,0.0,3.1100678,83.6
1067,0.05,A,45.2336111,-105.998611,20100718,20100719,30075.0,20100719,218.0,66.0,120.0,0.0,1.2041556999999998,107.75
1068,0.0003937007874015,A,45.2317,-105.7497,20120228,20121107,30075.0,20120710,234.0,94.0,151.0,0.0,3.4629636,92.75
1069,14.0,C,45.0495,-105.87469,20090710,20090714,30075.0,20090712,234.0,97.0,152.0,0.0,2.249307,102.8
1070,15.25,C,45.6942,-105.8308,20060815,20060818,30075.0,20060816,220.0,86.0,145.0,0.0,4.0006123,140.0
1072,1.65,B,45.5908,-106.1433,20060816,20060817,30075.0,20060816,220.0,86.0,145.0,0.0,4.0006123,140.0
1074,5.975,C,45.15342,-105.61933,20120612,20120615,30075.0,20120613,188.0,27.0,104.0,76.0,3.2422924,83.6
1075,1.2666666666666666,B,45.33145,-106.2524,20120722,20120724,30075.0,20120722,251.0,110.0,170.0,0.0,3.0984507000000003,88.0
1077,2.9166666666666665,C,45.0003,-105.7517,20060627,20060708,30075.0,20060630,236.0,108.0,174.0,0.0,2.2013152,128.0
1078,0.22,B,45.52305556,-105.9075,20090806,20090810,30075.0,20090809,153.0,25.0,87.0,25.0,1.2041683,118.4
1080,0.05,A,45.51416667,-105.9175,20060816,20060817,30075.0,20060816,220.0,86.0,145.0,0.0,4.0006123,140.0
1082,0.5,B,45.7139,-106.167,20020627,20020627,30075.0,20020627,372.0,128.0,250.0,0.0,3.4810598,15.0
1085,20.33333333333333,C,45.03013,-105.76848,20120717,20120719,30075.0,20120719,265.0,114.0,188.0,0.0,1.3679546,88.0
1086,0.0003937007874015,A,45.2317,-105.7497,20120228,20121107,30075.0,20120621,204.0,17.0,119.0,0.0,2.5241394,130.667
1088,2484.44,G,45.2425,-106.0525,20120703,20120727,30075.0,20120726,231.0,77.0,154.0,0.0,2.5164473,88.0
1090,1.0,B,45.4339,-105.9558,20020704,20020705,30075.0,20020705,228.0,103.0,174.0,0.0,2.9848382,10.0
1091,1.15,B,45.46111111,-106.0875,20050703,20050704,30075.0,20050703,233.0,94.0,167.0,0.0,3.952847,146.0
1092,0.15,B,45.4158333,-106.024167,20100727,20100728,30075.0,20100728,248.0,110.0,168.0,25.0,2.3602765,122.6
1093,1.9,B,45.25685,-105.88277,20120718,20120719,30075.0,20120719,265.0,114.0,188.0,0.0,1.3679546,88.0
1095,0.1,A,45.33777778,-106.11777778,20050701,20050701,30075.0,20050701,209.0,35.0,129.0,0.0,0.84077567,146.0
1096,10.966666666666669,C,45.0589,-105.6603,20060818,20060820,30075.0,20060820,206.0,67.0,129.0,0.0,0.72109926,106.0
1099,0.05,A,45.3044444,-106.244722,20100726,20100727,30075.0,20100727,200.0,95.0,128.0,0.0,4.258504,122.6
1100,0.05,A,45.2816667,-106.849167,20100727,20100728,30075.0,20100728,248.0,110.0,168.0,25.0,2.3602765,122.6
1101,3.75,C,45.39694444,-106.22805556,20090707,20090710,30075.0,20090708,209.0,24.0,119.0,0.0,0.880558,102.8
1102,53.333333333333336,D,45.013,-105.7936,20020730,20020801,30075.0,20020801,256.0,72.0,167.0,0.0,3.1187365,13.0
1103,10.966666666666669,C,45.0589,-105.6603,20060818,20060820,30075.0,20060819,213.0,39.0,123.0,0.0,3.337667,106.0
1104,0.9333333333333332,B,45.1933333,-105.985278,20100812,20100814,30075.0,20100813,176.0,47.0,88.0,0.0,3.729793,138.667
1105,2.9166666666666665,C,45.0003,-105.7517,20060627,20060708,30075.0,20060706,223.0,89.0,152.0,0.0,1.0783733,128.0
1107,881.8181818181819,G,45.0225,-105.9695,20020628,20020708,30075.0,20020705,228.0,103.0,174.0,0.0,2.9848382,10.0
1109,0.0833333333333333,B,45.2003,-105.6581,20090728,20090802,30075.0,20090731,148.0,41.0,95.0,0.0,4.452234,118.4
1110,3.75,C,45.39694444,-106.22805556,20090707,20090710,30075.0,20090710,197.0,29.0,114.0,0.0,2.4413075,102.8
1111,15.25,C,45.6942,-105.8308,20060815,20060818,30075.0,20060818,167.0,43.0,99.0,0.0,1.4142222,140.0
1112,14.0,C,45.0495,-105.87469,20090710,20090714,30075.0,20090710,197.0,29.0,114.0,0.0,2.4413075,102.8
1113,11.216666666666669,B,45.5864,-105.8919,20060817,20060818,30075.0,20060818,167.0,43.0,99.0,0.0,1.4142222,140.0
1114,3.75,C,45.39694444,-106.22805556,20090707,20090710,30075.0,20090709,167.0,38.0,105.0,0.0,1.3256375,102.8
1115,1.15,B,45.46111111,-106.0875,20050703,20050704,30075.0,20050704,176.0,28.0,95.0,0.0,1.5331053,146.0
1116,0.0003937007874015,A,45.2317,-105.7497,20120228,20121107,30075.0,20120614,152.0,51.0,97.0,0.0,6.3372626,130.667
1117,0.0003937007874015,A,45.2317,-105.7497,20120228,20121107,30075.0,20120701,307.0,101.0,205.0,0.0,3.3755143,106.25
1118,5.975,C,45.15342,-105.61933,20120612,20120615,30075.0,20120614,152.0,51.0,97.0,0.0,6.3372626,130.667
1119,0.0003937007874015,A,45.2317,-105.7497,20120228,20121107,30075.0,20120726,231.0,77.0,154.0,0.0,2.5164473,88.0
1120,2484.44,G,45.2425,-106.0525,20120703,20120727,30075.0,20120720,233.0,107.0,153.0,0.0,1.9024656,88.0
1121,3.75,C,45.39694444,-106.22805556,20090707,20090710,30075.0,20090707,195.0,34.0,121.0,0.0,1.0655136,102.8
1123,0.2,B,45.0053,-105.7383,20050711,20050712,30075.0,20050711,193.0,68.0,122.0,0.0,1.4577307,164.0
1124,0.05,A,45.2336111,-105.998611,20100718,20100719,30075.0,20100718,260.0,88.0,162.0,0.0,2.5109767999999995,107.75
1125,14.0,C,45.0495,-105.87469,20090710,20090714,30075.0,20090714,134.0,44.0,75.0,0.0,3.886315,81.8
1126,53.333333333333336,D,45.013,-105.7936,20020730,20020801,30075.0,20020731,230.0,16.0,142.0,25.0,3.0463784,13.0
1128,0.25,B,45.43083333,-105.91833333,20060813,20060814,30075.0,20060813,149.0,20.0,82.0,0.0,2.0402138,140.0
1130,131.81666666666666,E,45.0136,-105.9558,20080917,20080922,30075.0,20080920,230.0,94.0,148.0,0.0,4.2770195,79.4
1131,1.0,B,45.4339,-105.9558,20020704,20020705,30075.0,20020704,282.0,126.0,196.0,0.0,1.3888528,10.0
1132,0.0003937007874015,A,45.2317,-105.7497,20120228,20121107,30075.0,20120722,251.0,110.0,170.0,0.0,3.0984507000000003,88.0
1133,483.9,F,45.16666667,-106.09166667,20040801,20040807,30075.0,20040807,300.0,117.0,211.0,0.0,0.73409766,168.0
1134,0.5,B,45.4475,-105.8617,20060813,20060813,30075.0,20060813,149.0,20.0,82.0,0.0,2.0402138,140.0
1137,0.05,A,45.6942,-105.8733,20020703,20020704,30075.0,20020704,282.0,126.0,196.0,0.0,1.3888528,10.0
1138,0.05,A,45.54333333,-105.92972222,20090713,20090714,30075.0,20090714,134.0,44.0,75.0,0.0,3.886315,81.8
1139,2484.44,G,45.2425,-106.0525,20120703,20120727,30075.0,20120703,258.0,107.0,180.0,0.0,3.0795026,106.25
1141,0.0003937007874015,A,45.2317,-105.7497,20120228,20121107,30075.0,20120617,200.0,65.0,138.0,0.0,4.324557,130.667
1144,1.1,B,45.66555556,-105.96611111,20050823,20050825,30075.0,20050823,200.0,81.0,121.0,0.0,2.2461193,135.5
1146,0.1,A,45.1294,-106.1047,20040806,20040806,30075.0,20040806,228.0,78.0,145.0,0.0,1.4767839,168.0
1147,131.81666666666666,E,45.0136,-105.9558,20080917,20080922,30075.0,20080919,200.0,61.0,114.0,0.0,0.2879297,79.4
1148,0.15,B,45.62944444,-106.10027778,20090715,20090716,30075.0,20090716,201.0,61.0,128.0,0.0,0.8602299999999999,81.8
1149,35.800000000000004,D,45.505,-105.4772,20060810,20060812,30075.0,20060812,193.0,44.0,110.0,25.0,3.9487221,140.0
1150,2484.44,G,45.2425,-106.0525,20120703,20120727,30075.0,20120709,209.0,80.0,145.0,0.0,3.046131,92.75
1151,0.0003937007874015,A,45.2317,-105.7497,20120228,20121107,30075.0,20120720,233.0,107.0,153.0,0.0,1.9024656,88.0
1153,0.15,B,45.62944444,-106.10027778,20090715,20090716,30075.0,20090715,188.0,45.0,115.0,0.0,0.7280072,81.8
1155,483.9,F,45.16666667,-106.09166667,20040801,20040807,30075.0,20040806,228.0,78.0,145.0,0.0,1.4767839,168.0
1156,0.05,A,45.2952778,-106.396944,20100914,20100915,30075.0,20100915,134.0,43.0,82.0,0.0,1.3009643999999998,70.4
1158,0.0003937007874015,A,45.2317,-105.7497,20120228,20121107,30075.0,20120611,124.0,15.0,57.0,0.0,6.189958,83.6
1159,0.75,B,45.5331,-106.1861,20060814,20060815,30075.0,20060815,222.0,72.0,138.0,0.0,1.6229047,140.0
1160,131.81666666666666,E,45.0136,-105.9558,20080917,20080922,30075.0,20080922,109.0,-8.0,53.0,0.0,2.1467156000000003,79.4
1162,15.25,C,45.6942,-105.8308,20060815,20060818,30075.0,20060815,222.0,72.0,138.0,0.0,1.6229047,140.0
1163,0.9333333333333332,B,45.1933333,-105.985278,20100812,20100814,30075.0,20100814,115.0,16.0,60.0,25.0,5.9261084,138.667
1164,0.05,A,45.54333333,-105.92972222,20090713,20090714,30075.0,20090713,227.0,62.0,136.0,0.0,2.8988676,81.8
1165,0.1,A,45.56166667,-105.93694444,20060815,20060815,30075.0,20060815,222.0,72.0,138.0,0.0,1.6229047,140.0
1166,0.0003937007874015,A,45.2317,-105.7497,20120228,20121107,30075.0,20120620,122.0,7.0,59.0,25.0,3.9003758,130.667
1167,2484.44,G,45.2425,-106.0525,20120703,20120727,30075.0,20120710,234.0,94.0,151.0,0.0,3.4629636,92.75
1168,0.0003937007874015,A,45.2317,-105.7497,20120228,20121107,30075.0,20120702,231.0,65.0,141.0,0.0,1.8642328,106.25
1169,0.22,B,45.52305556,-105.9075,20090806,20090810,30075.0,20090807,205.0,73.0,136.0,51.0,0.1802801,118.4
1172,0.2,B,45.0053,-105.7383,20050711,20050712,30075.0,20050712,266.0,65.0,166.0,0.0,2.4283588,164.0
1174,81.0,D,45.7,-106.2172,20060629,20060630,30075.0,20060630,236.0,108.0,174.0,0.0,2.2013152,128.0
1175,1.4,B,45.6305556,-106.179722,20100904,20100905,30075.0,20100904,237.0,71.0,152.0,0.0,2.243977,77.4
1176,0.75,B,45.5331,-106.1861,20060814,20060815,30075.0,20060814,195.0,76.0,134.0,0.0,2.1400928,140.0
1178,2.9166666666666665,C,45.0003,-105.7517,20060627,20060708,30075.0,20060702,194.0,65.0,111.0,0.0,1.1727676,128.0
1181,131.81666666666666,E,45.0136,-105.9558,20080917,20080922,30075.0,20080921,129.0,16.0,70.0,0.0,2.4909832,79.4
1182,2484.44,G,45.2425,-106.0525,20120703,20120727,30075.0,20120727,249.0,100.0,181.0,0.0,1.7720016,86.75
1183,0.35,B,45.4125,-106.00944444,20090728,20090729,30075.0,20090729,103.0,-5.0,44.0,0.0,2.8017883,118.4
1184,0.15,B,45.168,-105.8503,20020726,20020727,30075.0,20020726,196.0,100.0,140.0,0.0,2.2078006,13.0
1185,0.55,B,45.0453,-105.9281,20050801,20050802,30075.0,20050802,211.0,116.0,154.0,76.0,2.2042966,165.0
1186,0.0833333333333333,B,45.2003,-105.6581,20090728,20090802,30075.0,20090729,103.0,-5.0,44.0,0.0,2.8017883,118.4
1188,0.25,B,45.43083333,-105.91833333,20060813,20060814,30075.0,20060814,195.0,76.0,134.0,0.0,2.1400928,140.0
1191,0.0003937007874015,A,45.2317,-105.7497,20120228,20121107,30075.0,20120727,249.0,100.0,181.0,0.0,1.7720016,86.75
1193,14.0,C,45.0495,-105.87469,20090710,20090714,30075.0,20090713,227.0,62.0,136.0,0.0,2.8988676,81.8
1195,0.0003937007874015,A,45.2317,-105.7497,20120228,20121107,30075.0,20120610,92.0,-20.0,37.0,0.0,5.094485,83.6
1196,2.5,B,45.44472222,-105.90138889,20060821,20060822,30075.0,20060821,252.0,95.0,170.0,0.0,2.8635685,106.0
1198,5.0,C,45.0225,-105.6022,20020717,20020718,30075.0,20020718,333.0,156.0,244.0,272.0,2.2440145,10.0
1199,0.15,B,45.37277778,-106.02166667,20090803,20090804,30075.0,20090803,234.0,107.0,159.0,0.0,0.5467102,118.4
1200,0.15,B,45.2394,-105.5814,20020718,20020719,30075.0,20020718,333.0,156.0,244.0,272.0,2.2440145,10.0
1201,0.15,B,45.37277778,-106.02166667,20090803,20090804,30075.0,20090804,228.0,85.0,138.0,0.0,1.4139944,118.4
1202,881.8181818181819,G,45.0225,-105.9695,20020628,20020708,30075.0,20020628,275.0,78.0,180.0,0.0,1.6007863000000002,15.0
1204,2484.44,G,45.2425,-106.0525,20120703,20120727,30075.0,20120714,250.0,136.0,182.0,0.0,3.3859823,90.0
1206,7.65,C,45.6894,-106.2117,20020720,20020721,30075.0,20020720,198.0,90.0,139.0,0.0,3.5990705000000003,10.0
1207,0.0003937007874015,A,45.2317,-105.7497,20120228,20121107,30075.0,20120714,250.0,136.0,182.0,0.0,3.3859823,90.0
1208,20.33333333333333,C,45.03013,-105.76848,20120717,20120719,30075.0,20120717,205.0,78.0,128.0,0.0,0.83167696,90.0
1209,0.1,A,45.29727,-105.75898,20090803,20090803,30075.0,20090803,234.0,107.0,159.0,0.0,0.5467102,118.4
1210,0.25,B,45.7958,-106.1597,20020717,20020718,30075.0,20020718,333.0,156.0,244.0,272.0,2.2440145,10.0
1211,0.9,B,45.00836,-105.8114,20090805,20090807,30075.0,20090807,205.0,73.0,136.0,51.0,0.1802801,118.4
1212,0.9333333333333332,B,45.7166667,-105.978333,20100908,20100910,30075.0,20100908,224.0,81.0,139.0,0.0,2.7895923,77.4
1213,0.9333333333333332,B,45.7166667,-105.978333,20100908,20100910,30075.0,20100910,105.0,22.0,55.0,0.0,5.543546,77.4
1214,40.0,C,45.0043,-106.1552,20120717,20120718,30075.0,20120717,205.0,78.0,128.0,0.0,0.83167696,90.0
1215,0.0003937007874015,A,45.2317,-105.7497,20120228,20121107,30075.0,20120616,199.0,23.0,120.0,25.0,3.6930497,130.667
1216,881.8181818181819,G,45.0225,-105.9695,20020628,20020708,30075.0,20020708,313.0,98.0,205.0,0.0,4.049606,10.0
1217,0.5,B,45.30472222,-105.95388889,20060703,20060704,30075.0,20060704,198.0,54.0,128.0,0.0,2.8569996,128.0
1218,2484.44,G,45.2425,-106.0525,20120703,20120727,30075.0,20120718,238.0,102.0,172.0,0.0,2.2825453,90.0
1219,64.075,D,45.42722222,-106.31416667,20060829,20060901,30075.0,20060831,137.0,36.0,84.0,0.0,4.265125,106.0
1221,0.5,B,45.30472222,-105.95388889,20060703,20060704,30075.0,20060703,203.0,63.0,122.0,25.0,1.9927135,128.0
1224,0.0003937007874015,A,45.2317,-105.7497,20120228,20121107,30075.0,20120615,207.0,25.0,95.0,0.0,1.414009,130.667
1226,2.9166666666666665,C,45.0003,-105.7517,20060627,20060708,30075.0,20060701,182.0,66.0,118.0,0.0,2.3300018,128.0
1228,0.0003937007874015,A,45.2317,-105.7497,20120228,20121107,30075.0,20120624,264.0,105.0,194.0,0.0,6.374257599999999,106.25
1229,0.1,A,45.1092,-105.8914,20020720,20020720,30075.0,20020720,198.0,90.0,139.0,0.0,3.5990705000000003,10.0
1230,0.0833333333333333,B,45.2003,-105.6581,20090728,20090802,30075.0,20090802,230.0,98.0,164.0,25.0,3.4204233,118.4
1231,2484.44,G,45.2425,-106.0525,20120703,20120727,30075.0,20120717,205.0,78.0,128.0,0.0,0.83167696,90.0
